@article{wainwright2008graphical,
  title={Graphical models, exponential families, and variational inference},
  author={Wainwright, Martin J and Jordan, Michael I and others},
  journal={Foundations and Trends{\textregistered} in Machine Learning},
  volume={1},
  number={1--2},
  pages={1--305},
  year={2008},
  publisher={Now Publishers, Inc.}
}
@article{hoffman2014no,
  title={The No-U-Turn sampler: adaptively setting path lengths in Hamiltonian Monte Carlo.},
  author={Hoffman, Matthew D and Gelman, Andrew and others},
  journal={J. Mach. Learn. Res.},
  volume={15},
  number={1},
  pages={1593--1623},
  year={2014}
}
@article{neal2011mcmc,
  title={MCMC using Hamiltonian dynamics},
  author={Neal, Radford M and others},
  journal={Handbook of markov chain monte carlo},
  volume={2},
  number={11},
  pages={2},
  year={2011}
}
@article{wang2001efficient,
  title={Efficient, multiple-range random walk algorithm to calculate the density of states},
  author={Wang, Fugao and Landau, David P},
  journal={Physical review letters},
  volume={86},
  number={10},
  pages={2050},
  year={2001},
  publisher={APS}
}
@inproceedings{gershman2014amortized,
  title={Amortized inference in probabilistic reasoning},
  author={Gershman, Samuel and Goodman, Noah},
  booktitle={Proceedings of the annual meeting of the cognitive science society},
  volume={36},
  number={36},
  year={2014}
}
@article{lecun2015deep,
  title={Deep learning},
  author={LeCun, Yann and Bengio, Yoshua and Hinton, Geoffrey},
  journal={nature},
  volume={521},
  number={7553},
  pages={436--444},
  year={2015},
  publisher={Nature Publishing Group}
}
@article{ruder2016overview,
  title={An overview of gradient descent optimization algorithms},
  author={Ruder, Sebastian},
  journal={arXiv preprint arXiv:1609.04747},
  year={2016}
}
@article{kingma2013auto,
  title={Auto-encoding variational bayes},
  author={Kingma, Diederik P and Welling, Max},
  journal={arXiv preprint arXiv:1312.6114},
  year={2013}
}
@inproceedings{rezende2014stochastic,
  title={Stochastic backpropagation and approximate inference in deep generative models},
  author={Rezende, Danilo Jimenez and Mohamed, Shakir and Wierstra, Daan},
  booktitle={International conference on machine learning},
  pages={1278--1286},
  year={2014},
  organization={PMLR}
}
@inproceedings{ngiam2011multimodal,
  title={Multimodal deep learning},
  author={Ngiam, Jiquan and Khosla, Aditya and Kim, Mingyu and Nam, Juhan and Lee, Honglak and Ng, Andrew Y},
  booktitle={Proceedings of the 28th international conference on machine learning (ICML-11)},
  pages={689--696},
  year={2011},
}

@inproceedings{vincent2008extracting,
  title={Extracting and composing robust features with denoising autoencoders},
  author={Vincent, Pascal and Larochelle, Hugo and Bengio, Yoshua and Manzagol, Pierre-Antoine},
  booktitle={Proceedings of the 25th international conference on Machine learning},
  pages={1096--1103},
  year={2008},
  organization={ACM}
}

@inproceedings{pu2016variational,
  title={Variational autoencoder for deep learning of images, labels and captions},
  author={Pu, Yunchen and Gan, Zhe and Henao, Ricardo and Yuan, Xin and Li, Chunyuan and Stevens, Andrew and Carin, Lawrence},
  booktitle={Advances in neural information processing systems},
  pages={2352--2360},
  year={2016}
}

@article{lample2017unsupervised,
  title={Unsupervised machine translation using monolingual corpora only},
  author={Lample, Guillaume and Denoyer, Ludovic and Ranzato, Marc'Aurelio},
  journal={arXiv preprint arXiv:1711.00043},
  year={2017}
}

@article{artetxe2017unsupervised,
  title={Unsupervised neural machine translation},
  author={Artetxe, Mikel and Labaka, Gorka and Agirre, Eneko and Cho, Kyunghyun},
  journal={arXiv preprint arXiv:1710.11041},
  year={2017}
}
@inproceedings{kingma2014semi,
  title={Semi-supervised learning with deep generative models},
  author={Kingma, Diederik P and Mohamed, Shakir and Rezende, Danilo Jimenez and Welling, Max},
  booktitle={Advances in Neural Information Processing Systems},
  pages={3581--3589},
  year={2014}
}

@inproceedings{sohn2015learning,
  title={Learning structured output representation using deep conditional generative models},
  author={Sohn, Kihyuk and Lee, Honglak and Yan, Xinchen},
  booktitle={Advances in Neural Information Processing Systems},
  pages={3483--3491},
  year={2015}
}

@inproceedings{pandey2017variational,
  title={Variational methods for conditional multimodal deep learning},
  author={Pandey, Gaurav and Dukkipati, Ambedkar},
  booktitle={Neural Networks (IJCNN), 2017 International Joint Conference on},
  pages={308--315},
  year={2017},
  organization={IEEE}
}

@inproceedings{vaswani2017attention,
  title={Attention is all you need},
  author={Vaswani, Ashish and Shazeer, Noam and Parmar, Niki and Uszkoreit, Jakob and Jones, Llion and Gomez, Aidan N and Kaiser, {\L}ukasz and Polosukhin, Illia},
  booktitle={Advances in Neural Information Processing Systems},
  pages={5998--6008},
  year={2017}
}

@article{suzuki2016joint,
  title={Joint Multimodal Learning with Deep Generative Models},
  author={Suzuki, Masahiro and Nakayama, Kotaro and Matsuo, Yutaka},
  journal={arXiv preprint arXiv:1611.01891},
  year={2016}
}

@article{cao2014generalized,
  title={Generalized product of experts for automatic and principled fusion of Gaussian process predictions},
  author={Cao, Yanshuai and Fleet, David J},
  journal={arXiv preprint arXiv:1410.7827},
  year={2014}
}

@article{wang2016deep,
  title={Deep variational canonical correlation analysis},
  author={Wang, Weiran and Yan, Xinchen and Lee, Honglak and Livescu, Karen},
  journal={arXiv preprint arXiv:1610.03454},
  year={2016}
}


@article{vedantam2017generative,
  title={Generative Models of Visually Grounded Imagination},
  author={Vedantam, Ramakrishna and Fischer, Ian and Huang, Jonathan and Murphy, Kevin},
  journal={arXiv preprint arXiv:1705.10762},
  year={2017}
}

@article{hinton2006training,
  title={Training products of experts by minimizing contrastive divergence},
  author={Hinton, Geoffrey E},
  journal={Training},
  volume={14},
  number={8},
  year={2006},
  publisher={MIT Press}
}

@article{chen2015microsoft,
  title={Microsoft COCO captions: Data collection and evaluation server},
  author={Chen, Xinlei and Fang, Hao and Lin, Tsung-Yi and Vedantam, Ramakrishna and Gupta, Saurabh and Doll{\'a}r, Piotr and Zitnick, C Lawrence},
  journal={arXiv preprint arXiv:1504.00325},
  year={2015}
}

@article{gulrajani2016pixelvae,
  title={Pixelvae: A latent variable model for natural images},
  author={Gulrajani, Ishaan and Kumar, Kundan and Ahmed, Faruk and Taiga, Adrien Ali and Visin, Francesco and Vazquez, David and Courville, Aaron},
  journal={arXiv preprint arXiv:1611.05013},
  year={2016}
}

@article{oord2016pixel,
  title={Pixel recurrent neural networks},
  author={Oord, Aaron van den and Kalchbrenner, Nal and Kavukcuoglu, Koray},
  journal={arXiv preprint arXiv:1601.06759},
  year={2016}
}

@article{radford2015unsupervised,
  title={Unsupervised representation learning with deep convolutional generative adversarial networks},
  author={Radford, Alec and Metz, Luke and Chintala, Soumith},
  journal={arXiv preprint arXiv:1511.06434},
  year={2015}
}

@inproceedings{yang2015facial,
  title={From facial parts responses to face detection: A deep learning approach},
  author={Yang, Shuo and Luo, Ping and Loy, Chen-Change and Tang, Xiaoou},
  booktitle={Proceedings of the IEEE International Conference on Computer Vision},
  pages={3676--3684},
  year={2015}
}

@article{perarnau2016invertible,
  title={Invertible Conditional GANs for image editing},
  author={Perarnau, Guim and van de Weijer, Joost and Raducanu, Bogdan and {\'A}lvarez, Jose M},
  journal={arXiv preprint arXiv:1611.06355},
  year={2016}
}

@inproceedings{eslami2016attend,
  title={Attend, infer, repeat: Fast scene understanding with generative models},
  author={Eslami, SM Ali and Heess, Nicolas and Weber, Theophane and Tassa, Yuval and Szepesvari, David and Hinton, Geoffrey E and others},
  booktitle={Advances in Neural Information Processing Systems},
  pages={3225--3233},
  year={2016}
}

@article{ramachandran2017swish,
  title={Swish: a Self-Gated Activation Function},
  author={Ramachandran, Prajit and Zoph, Barret and Le, Quoc V},
  journal={arXiv preprint arXiv:1710.05941},
  year={2017}
}

@article{xiao2017fashion,
  title={Fashion-mnist: a novel image dataset for benchmarking machine learning algorithms},
  author={Xiao, Han and Rasul, Kashif and Vollgraf, Roland},
  journal={arXiv preprint arXiv:1708.07747},
  year={2017}
}

@article{van2014scikit,
  title={scikit-image: image processing in Python},
  author={Van der Walt, Stefan and Sch{\"o}nberger, Johannes L and Nunez-Iglesias, Juan and Boulogne, Fran{\c{c}}ois and Warner, Joshua D and Yager, Neil and Gouillart, Emmanuelle and Yu, Tony},
  journal={PeerJ},
  volume={2},
  pages={e453},
  year={2014},
  publisher={PeerJ Inc.}
}

@article{bradski2000opencv,
  title={OpenCV},
  author={Bradski, Gary and Kaehler, Adrian},
  journal={Dr. Dobb’s journal of software tools},
  volume={3},
  year={2000}
}

@article{king2009dlib,
  title={Dlib-ml: A machine learning toolkit},
  author={King, Davis E},
  journal={Journal of Machine Learning Research},
  volume={10},
  number={Jul},
  pages={1755--1758},
  year={2009}
}

@incollection{canny1987computational,
  title={A computational approach to edge detection},
  author={Canny, John},
  booktitle={Readings in Computer Vision},
  pages={184--203},
  year={1987},
  publisher={Elsevier}
}

@book{yildirim2014perception,
  title={From perception to conception: learning multisensory representations},
  author={Yildirim, Ilker},
  year={2014},
  publisher={University of Rochester}
}

@inproceedings{vinyals2015show,
  title={Show and tell: A neural image caption generator},
  author={Vinyals, Oriol and Toshev, Alexander and Bengio, Samy and Erhan, Dumitru},
  booktitle={Computer Vision and Pattern Recognition (CVPR), 2015 IEEE Conference on},
  pages={3156--3164},
  year={2015},
  organization={IEEE}
}

@inproceedings{xu2015show,
  title={Show, attend and tell: Neural image caption generation with visual attention},
  author={Xu, Kelvin and Ba, Jimmy and Kiros, Ryan and Cho, Kyunghyun and Courville, Aaron and Salakhudinov, Ruslan and Zemel, Rich and Bengio, Yoshua},
  booktitle={International Conference on Machine Learning},
  pages={2048--2057},
  year={2015}
}

@inproceedings{srivastava2012multimodal,
  title={Multimodal learning with deep boltzmann machines},
  author={Srivastava, Nitish and Salakhutdinov, Ruslan R},
  booktitle={Advances in neural information processing systems},
  pages={2222--2230},
  year={2012}
}

@article{deng2012mnist,
  title={The MNIST database of handwritten digit images for machine learning research [best of the web]},
  author={Deng, Li},
  journal={IEEE Signal Processing Magazine},
  volume={29},
  number={6},
  pages={141--142},
  year={2012},
  publisher={IEEE}
}

@inproceedings{liu2015faceattributes,
  author = {Ziwei Liu and Ping Luo and Xiaogang Wang and Xiaoou Tang},
  title = {Deep Learning Face Attributes in the Wild},
  booktitle = {Proceedings of International Conference on Computer Vision (ICCV)},
  month = December,
  year = {2015}
}

@inproceedings{larochelle2011neural,
  title={The neural autoregressive distribution estimator},
  author={Larochelle, Hugo and Murray, Iain},
  booktitle={Proceedings of the Fourteenth International Conference on Artificial Intelligence and Statistics},
  pages={29--37},
  year={2011}
}

@inproceedings{sabour2017dynamic,
  title={Dynamic routing between capsules},
  author={Sabour, Sara and Frosst, Nicholas and Hinton, Geoffrey E},
  booktitle={Advances in Neural Information Processing Systems},
  pages={3859--3869},
  year={2017}
}

@article{zhao2017towards,
  title={Towards deeper understanding of variational autoencoding models},
  author={Zhao, Shengjia and Song, Jiaming and Ermon, Stefano},
  journal={arXiv preprint arXiv:1702.08658},
  year={2017}
}

@article{lecun1998gradient,
  title={Gradient-based learning applied to document recognition},
  author={LeCun, Yann and Bottou, L{\'e}on and Bengio, Yoshua and Haffner, Patrick},
  journal={Proceedings of the IEEE},
  volume={86},
  number={11},
  pages={2278--2324},
  year={1998},
  publisher={IEEE}
}

@article{kingma2014adam,
  title={Adam: A method for stochastic optimization},
  author={Kingma, Diederik P and Ba, Jimmy},
  journal={arXiv preprint arXiv:1412.6980},
  year={2014}
}

@article{higgins2016beta,
  title={beta-vae: Learning basic visual concepts with a constrained variational framework},
  author={Higgins, Irina and Matthey, Loic and Pal, Arka and Burgess, Christopher and Glorot, Xavier and Botvinick, Matthew and Mohamed, Shakir and Lerchner, Alexander},
  year={2016}
}

@article{bowman2015generating,
  title={Generating sentences from a continuous space},
  author={Bowman, Samuel R and Vilnis, Luke and Vinyals, Oriol and Dai, Andrew M and Jozefowicz, Rafal and Bengio, Samy},
  journal={arXiv preprint arXiv:1511.06349},
  year={2015}
}

@article{ioffe2015batch,
  title={Batch normalization: Accelerating deep network training by reducing internal covariate shift},
  author={Ioffe, Sergey and Szegedy, Christian},
  journal={arXiv preprint arXiv:1502.03167},
  year={2015}
}

@article{burda2015importance,
  title={Importance weighted autoencoders},
  author={Burda, Yuri and Grosse, Roger and Salakhutdinov, Ruslan},
  journal={arXiv preprint arXiv:1509.00519},
  year={2015}
}

@article{wainwright2008graphical,
  title={Graphical models, exponential families, and variational inference},
  author={Wainwright, Martin J and Jordan, Michael I and others},
  journal={Foundations and Trends{\textregistered} in Machine Learning},
  volume={1},
  number={1--2},
  pages={1--305},
  year={2008},
  publisher={Now Publishers, Inc.}
}

@inproceedings{ravi2011deciphering,
  title={Deciphering foreign language},
  author={Ravi, Sujith and Knight, Kevin},
  booktitle={Proceedings of the 49th Annual Meeting of the Association for Computational Linguistics: Human Language Technologies-Volume 1},
  pages={12--21},
  year={2011},
  organization={Association for Computational Linguistics}
}

@inproceedings{shu2019buffered,
  title={Training Variational Autoencoders with Buffered Stochastic Variational Inference},
  author={Shu, Rui and Bui, Hung H and Whang, jay and Ermon, Stefano},
  booktitle={AISTATS},
  year={2019}
}

@inproceedings{levy2018deterministic,
  title={Deterministic policy optimization by combining pathwise and score function estimators for discrete action spaces},
  author={Levy, Daniel and Ermon, Stefano},
  booktitle={Thirty-Second AAAI Conference on Artificial Intelligence},
  year={2018}
}

@article{mnih2014neural,
  title={Neural variational inference and learning in belief networks},
  author={Mnih, Andriy and Gregor, Karol},
  journal={arXiv preprint arXiv:1402.0030},
  year={2014}
}
@inproceedings{roeder2017sticking,
  title={Sticking the landing: Simple, lower-variance gradient estimators for variational inference},
  author={Roeder, Geoffrey and Wu, Yuhuai and Duvenaud, David K},
  booktitle={Advances in Neural Information Processing Systems},
  pages={6925--6934},
  year={2017}
}

@article{cheng1982use,
  title={The use of antithetic variates in computer simulations},
  author={Cheng, Russell CH},
  journal={Journal of the Operational Research Society},
  volume={33},
  number={3},
  pages={229--237},
  year={1982},
  publisher={Springer}
}

@article{cheng1984generation,
  title={Generation of inverse Gaussian variates with given sample mean and dispersion},
  author={Cheng, Russell CH},
  journal={Applied statistics},
  pages={309--316},
  year={1984},
  publisher={JSTOR}
}

@article{cheng1985generation,
  title={Generation of multivariate normal samples with given sample mean and covariance matrix},
  author={Cheng, RCH},
  journal={Journal of Statistical Computation and Simulation},
  volume={21},
  number={1},
  pages={39--49},
  year={1985},
  publisher={Taylor \& Francis}
}

@article{hawkins1986note,
  title={A note on the transformation of chi-squared variables to normality},
  author={Hawkins, Douglas M and Wixley, RAJ},
  journal={The American Statistician},
  volume={40},
  number={4},
  pages={296--298},
  year={1986},
  publisher={Taylor \& Francis}
}

@article{wilson1931distribution,
  title={The distribution of chi-square},
  author={Wilson, Edwin B and Hilferty, Margaret M},
  journal={Proceedings of the National Academy of Sciences},
  volume={17},
  number={12},
  pages={684--688},
  year={1931},
  publisher={National Acad Sciences}
}

@article{mudholkar1998gamma,
  title={A gamma analogue of the Wilson-Hilferty transformation},
  author={Mudholkar, Govind S and Trivedi, Madhu C and van der Meulen, Edward C},
  journal={Communications in Statistics-Simulation and Computation},
  volume={27},
  number={1},
  pages={21--37},
  year={1998},
  publisher={Taylor \& Francis}
}

@article{kendall1946advanced,
  title={The advanced theory of statistics.},
  author={Kendall, Maurice George and others},
  journal={The advanced theory of statistics.},
  number={2nd Ed},
  year={1946},
  publisher={Charles Griffin and Co., Ltd., London}
}

@article{pullin1979generation,
  title={Generation of normal variates with given sample mean and variance},
  author={Pullin, DI},
  journal={Journal of Statistical Computation and Simulation},
  volume={9},
  number={4},
  pages={303--309},
  year={1979},
  publisher={Taylor \& Francis}
}

@article{aitchison1963inverse,
  title={Inverse distributions and independent gamma-distributed products of random variables},
  author={Aitchison, J},
  journal={Biometrika},
  volume={50},
  number={3/4},
  pages={505--508},
  year={1963},
  publisher={JSTOR}
}
@inproceedings{sonderby2016ladder,
  title={Ladder variational autoencoders},
  author={S{\o}nderby, Casper Kaae and Raiko, Tapani and Maal{\o}e, Lars and S{\o}nderby, S{\o}ren Kaae and Winther, Ole},
  booktitle={Advances in neural information processing systems},
  pages={3738--3746},
  year={2016}
}
@article{shuster1968inverse,
  title={On the inverse Gaussian distribution function},
  author={Shuster, Jonathan},
  journal={Journal of the American Statistical Association},
  volume={63},
  number={324},
  pages={1514--1516},
  year={1968},
  publisher={Taylor \& Francis Group}
}
@inproceedings{li2016renyi,
  title={R{\'e}nyi divergence variational inference},
  author={Li, Yingzhen and Turner, Richard E},
  booktitle={Advances in Neural Information Processing Systems},
  pages={1073--1081},
  year={2016}
}

@inproceedings{pu2017vae,
  title={Vae learning via stein variational gradient descent},
  author={Pu, Yuchen and Gan, Zhe and Henao, Ricardo and Li, Chunyuan and Han, Shaobo and Carin, Lawrence},
  booktitle={Advances in Neural Information Processing Systems},
  pages={4236--4245},
  year={2017}
}
@article{rezende2015variational,
  title={Variational inference with normalizing flows},
  author={Rezende, Danilo Jimenez and Mohamed, Shakir},
  journal={arXiv preprint arXiv:1505.05770},
  year={2015}
}

@article{tabak2013family,
  title={A family of nonparametric density estimation algorithms},
  author={Tabak, EG and Turner, Cristina V},
  journal={Communications on Pure and Applied Mathematics},
  volume={66},
  number={2},
  pages={145--164},
  year={2013},
  publisher={Wiley Online Library}
}

@article{tabak2010density,
  title={Density estimation by dual ascent of the log-likelihood},
  author={Tabak, Esteban G and Vanden-Eijnden, Eric and others},
  journal={Communications in Mathematical Sciences},
  volume={8},
  number={1},
  pages={217--233},
  year={2010},
  publisher={International Press of Boston}
}

@article{tomczak2016improving,
  title={Improving variational auto-encoders using householder flow},
  author={Tomczak, Jakub M and Welling, Max},
  journal={arXiv preprint arXiv:1611.09630},
  year={2016}
}

@inproceedings{ruiz2016generalized,
  title={The generalized reparameterization gradient},
  author={Ruiz, Francisco R and AUEB, Michalis Titsias RC and Blei, David},
  booktitle={Advances in neural information processing systems},
  pages={460--468},
  year={2016}
}

@book{mcbook,
   author = {Art B. Owen},
   year = 2013,
   title = {Monte Carlo theory, methods and examples}
}

@inproceedings{devroye1996random,
  title={Random variate generation in one line of code},
  author={Devroye, Luc},
  booktitle={Proceedings of the 28th conference on Winter simulation},
  pages={265--272},
  year={1996},
  organization={IEEE Computer Society}
}
@inproceedings{salakhutdinov2008quantitative,
  title={On the quantitative analysis of deep belief networks},
  author={Salakhutdinov, Ruslan and Murray, Iain},
  booktitle={Proceedings of the 25th international conference on Machine learning},
  pages={872--879},
  year={2008},
  organization={ACM}
}
@article{lake2015human,
  title={Human-level concept learning through probabilistic program induction},
  author={Lake, Brenden M and Salakhutdinov, Ruslan and Tenenbaum, Joshua B},
  journal={Science},
  volume={350},
  number={6266},
  pages={1332--1338},
  year={2015},
  publisher={American Association for the Advancement of Science}
}

@inproceedings{marlin2010inductive,
  title={Inductive principles for restricted Boltzmann machine learning},
  author={Marlin, Benjamin and Swersky, Kevin and Chen, Bo and Freitas, Nando},
  booktitle={Proceedings of the Thirteenth International Conference on Artificial Intelligence and Statistics},
  pages={509--516},
  year={2010}
}

@inproceedings{nair2010rectified,
  title={Rectified linear units improve restricted boltzmann machines},
  author={Nair, Vinod and Hinton, Geoffrey E},
  booktitle={Proceedings of the 27th international conference on machine learning (ICML-10)},
  pages={807--814},
  year={2010}
}

@inproceedings{kingma2016improved,
  title={Improved variational inference with inverse autoregressive flow},
  author={Kingma, Diederik P and Salimans, Tim and Jozefowicz, Rafal and Chen, Xi and Sutskever, Ilya and Welling, Max},
  booktitle={Advances in Neural Information Processing Systems},
  pages={4743--4751},
  year={2016}
}

@article{tomczak2017vae,
  title={VAE with a VampPrior},
  author={Tomczak, Jakub M and Welling, Max},
  journal={arXiv preprint arXiv:1705.07120},
  year={2017}
}
@inproceedings{glorot2010understanding,
  title={Understanding the difficulty of training deep feedforward neural networks},
  author={Glorot, Xavier and Bengio, Yoshua},
  booktitle={Proceedings of the thirteenth international conference on artificial intelligence and statistics},
  pages={249--256},
  year={2010}
}

@incollection{doucet2001introduction,
  title={An introduction to sequential Monte Carlo methods},
  author={Doucet, Arnaud and De Freitas, Nando and Gordon, Neil},
  booktitle={Sequential Monte Carlo methods in practice},
  pages={3--14},
  year={2001},
  publisher={Springer}
}

@article{duane1987hybrid,
  title={Hybrid monte carlo},
  author={Duane, Simon and Kennedy, Anthony D and Pendleton, Brian J and Roweth, Duncan},
  journal={Physics letters B},
  volume={195},
  number={2},
  pages={216--222},
  year={1987},
  publisher={Elsevier}
}

@article{grosse2014testing,
  title={Testing mcmc code},
  author={Grosse, Roger B and Duvenaud, David K},
  journal={arXiv preprint arXiv:1412.5218},
  year={2014}
}

@article{blei2017variational,
  title={Variational inference: A review for statisticians},
  author={Blei, David M and Kucukelbir, Alp and McAuliffe, Jon D},
  journal={Journal of the American Statistical Association},
  volume={112},
  number={518},
  pages={859--877},
  year={2017},
  publisher={Taylor \& Francis}
}

@inproceedings{ranganath2014black,
  title={Black box variational inference},
  author={Ranganath, Rajesh and Gerrish, Sean and Blei, David},
  booktitle={Artificial Intelligence and Statistics},
  pages={814--822},
  year={2014}
}

@inproceedings{schulman2015gradient,
  title={Gradient estimation using stochastic computation graphs},
  author={Schulman, John and Heess, Nicolas and Weber, Theophane and Abbeel, Pieter},
  booktitle={Advances in Neural Information Processing Systems},
  pages={3528--3536},
  year={2015}
}

@inproceedings{ritchie2016neurally,
  title={Neurally-guided procedural models: Amortized inference for procedural graphics programs using neural networks},
  author={Ritchie, Daniel and Thomas, Anna and Hanrahan, Pat and Goodman, Noah},
  booktitle={Advances in neural information processing systems},
  pages={622--630},
  year={2016}
}

@article{dayan1995helmholtz,
  title={The helmholtz machine},
  author={Dayan, Peter and Hinton, Geoffrey E and Neal, Radford M and Zemel, Richard S},
  journal={Neural computation},
  volume={7},
  number={5},
  pages={889--904},
  year={1995},
  publisher={MIT Press}
}
@inproceedings{nalisnick2016approximate,
  title={Approximate inference for deep latent gaussian mixtures},
  author={Nalisnick, Eric and Hertel, Lars and Smyth, Padhraic},
  booktitle={NIPS Workshop on Bayesian Deep Learning},
  volume={2},
  year={2016}
}

@inproceedings{hoffman2016elbo,
  title={Elbo surgery: yet another way to carve up the variational evidence lower bound},
  author={Hoffman, Matthew D and Johnson, Matthew J},
  booktitle={Workshop in Advances in Approximate Bayesian Inference, NIPS},
  year={2016}
}

@article{zhao2017infovae,
  title={Infovae: Information maximizing variational autoencoders},
  author={Zhao, Shengjia and Song, Jiaming and Ermon, Stefano},
  journal={arXiv preprint arXiv:1706.02262},
  year={2017}
}

@article{wu2018multimodal,
  title={Multimodal Generative Models for Scalable Weakly-Supervised Learning},
  author={Wu, Mike and Goodman, Noah},
  journal={arXiv preprint arXiv:1802.05335},
  year={2018}
}
@article{gulrajani2016pixelvae,
  title={Pixelvae: A latent variable model for natural images},
  author={Gulrajani, Ishaan and Kumar, Kundan and Ahmed, Faruk and Taiga, Adrien Ali and Visin, Francesco and Vazquez, David and Courville, Aaron},
  journal={arXiv preprint arXiv:1611.05013},
  year={2016}
}

@article{jang2016categorical,
  title={Categorical reparameterization with gumbel-softmax},
  author={Jang, Eric and Gu, Shixiang and Poole, Ben},
  journal={arXiv preprint arXiv:1611.01144},
  year={2016}
}

@article{betancourt2017conceptual,
  title={A conceptual introduction to Hamiltonian Monte Carlo},
  author={Betancourt, Michael},
  journal={arXiv preprint arXiv:1701.02434},
  year={2017}
}

@inproceedings{silver2014deterministic,
  title={Deterministic policy gradient algorithms},
  author={Silver, David and Lever, Guy and Heess, Nicolas and Degris, Thomas and Wierstra, Daan and Riedmiller, Martin},
  booktitle={ICML},
  year={2014}
}
@inproceedings{weaver2001optimal,
  title={The optimal reward baseline for gradient-based reinforcement learning},
  author={Weaver, Lex and Tao, Nigel},
  booktitle={Proceedings of the Seventeenth conference on Uncertainty in artificial intelligence},
  pages={538--545},
  year={2001},
  organization={Morgan Kaufmann Publishers Inc.}
}
@article{weinzierl2000introduction,
  title={Introduction to monte carlo methods},
  author={Weinzierl, Stefan},
  journal={arXiv preprint hep-ph/0006269},
  year={2000}
}
@article{paszke2017automatic,
  title={Automatic differentiation in PyTorch},
  author={Paszke, Adam and Gross, Sam and Chintala, Soumith and Chanan, Gregory and Yang, Edward and DeVito, Zachary and Lin, Zeming and Desmaison, Alban and Antiga, Luca and Lerer, Adam},
  year={2017}
}
@inproceedings{abadi2016tensorflow,
  title={Tensorflow: a system for large-scale machine learning.},
  author={Abadi, Mart{\'\i}n and Barham, Paul and Chen, Jianmin and Chen, Zhifeng and Davis, Andy and Dean, Jeffrey and Devin, Matthieu and Ghemawat, Sanjay and Irving, Geoffrey and Isard, Michael and others},
  booktitle={OSDI},
  volume={16},
  pages={265--283},
  year={2016}
}
@article{helmert1875berechnung,
  title={{\"U}ber die Berechnung des wahrscheinlichen Fehlers aus einer endlichen Anzahl wahrer Beobachtungsfehler},
  author={Helmert, FR},
  journal={Z. Math. U. Physik},
  volume={20},
  number={1875},
  pages={300--303},
  year={1875}
}
@article{pegoraro2012transformation,
  title={A Transformation Characterizing the Normal Distribution},
  author={Pegoraro, Italo},
  journal={Communications in Statistics-Theory and Methods},
  volume={41},
  number={16-17},
  pages={3060--3067},
  year={2012},
  publisher={Taylor \& Francis}
}
@article{kruskal1946helmert,
  title={Helmert's distribution},
  author={Kruskal, William},
  journal={The American Mathematical Monthly},
  volume={53},
  number={8},
  pages={435--438},
  year={1946},
  publisher={Taylor \& Francis}
}
@article{marsaglia1980c69,
  title={C69. Generating a normal sample with given sample mean and variance},
  author={Marsaglia, George and Good, IJ},
  journal={Journal of Statistical Computation and Simulation},
  volume={11},
  number={1},
  pages={71--74},
  year={1980},
  publisher={Taylor \& Francis}
}
@article{canal2005normal,
  title={A normal approximation for the chi-square distribution},
  author={Canal, Luisa},
  journal={Computational statistics \& data analysis},
  volume={48},
  number={4},
  pages={803--808},
  year={2005},
  publisher={Elsevier}
}
@article{radford2015unsupervised,
  title={Unsupervised representation learning with deep convolutional generative adversarial networks},
  author={Radford, Alec and Metz, Luke and Chintala, Soumith},
  journal={arXiv preprint arXiv:1511.06434},
  year={2015}
}
@inproceedings{wu2019differentiable,
  title={Differentiable antithetic sampling for variance reduction in stochastic variational inference},
  author={Wu, Mike and Goodman, Noah and Ermon, Stefano},
  booktitle={The 22nd International Conference on Artificial Intelligence and Statistics},
  pages={2877--2886},
  year={2019},
  organization={PMLR}
}
@inproceedings{wu2020meta,
  title={Meta-amortized variational inference and learning},
  author={Wu, Mike and Choi, Kristy and Goodman, Noah and Ermon, Stefano},
  booktitle={Proceedings of the AAAI Conference on Artificial Intelligence},
  volume={34},
  number={04},
  pages={6404--6412},
  year={2020}
}
@article{wu2020variational,
  title={Variational item response theory: Fast, accurate, and expressive},
  author={Wu, Mike and Davis, Richard L and Domingue, Benjamin W and Piech, Chris and Goodman, Noah},
  journal={arXiv preprint arXiv:2002.00276},
  year={2020}
}
@article{wu2021modeling,
  title={Modeling Item Response Theory with Stochastic Variational Inference},
  author={Wu, Mike and Davis, Richard L and Domingue, Benjamin W and Piech, Chris and Goodman, Noah},
  journal={arXiv preprint arXiv:2108.11579},
  year={2021}
}
@inproceedings{wu2019zero,
  title={Zero shot learning for code education: Rubric sampling with deep learning inference},
  author={Wu, Mike and Mosse, Milan and Goodman, Noah and Piech, Chris},
  booktitle={Proceedings of the AAAI Conference on Artificial Intelligence},
  volume={33},
  number={01},
  pages={782--790},
  year={2019}
}
@article{malik2019generative,
  title={Generative Grading: Neural Approximate Parsing for Automated Student Feedback},
  author={Malik, Ali and Wu, Mike and Vasavada, Vrinda and Song, Jinpeng and Mitchell, John and Goodman, Noah and Piech, Chris},
  journal={arXiv preprint arXiv:1905.09916},
  year={2019}
}
@article{kim2018bayesian,
  title={Bayesian Model-Agnostic Meta-Learning},
  author={Kim, Taesup and Yoon, Jaesik and Dia, Ousmane and Kim, Sungwoong and Bengio, Yoshua and Ahn, Sungjin},
  journal={arXiv preprint arXiv:1806.03836},
  year={2018}
}

@article{roth1996hardness,
  title={On the hardness of approximate reasoning},
  author={Roth, Dan},
  journal={Artificial Intelligence},
  volume={82},
  number={1-2},
  pages={273--302},
  year={1996},
  publisher={Elsevier}
}

@article{gelfand1990sampling,
  title={Sampling-based approaches to calculating marginal densities},
  author={Gelfand, Alan E and Smith, Adrian FM},
  journal={Journal of the American statistical association},
  volume={85},
  number={410},
  pages={398--409},
  year={1990},
  publisher={Taylor \& Francis Group}
}

@article{hastings1970monte,
  title={Monte Carlo sampling methods using Markov chains and their applications},
  author={Hastings, W Keith},
  year={1970},
  publisher={Oxford University Press}
}

@article{wainwright2008graphical,
  title={Graphical models, exponential families, and variational inference},
  author={Wainwright, Martin J and Jordan, Michael I and others},
  journal={Foundations and Trends{\textregistered} in Machine Learning},
  volume={1},
  number={1--2},
  pages={1--305},
  year={2008},
  publisher={Now Publishers, Inc.}
}

@article{jordan1999introduction,
  title={An introduction to variational methods for graphical models},
  author={Jordan, Michael I and Ghahramani, Zoubin and Jaakkola, Tommi S and Saul, Lawrence K},
  journal={Machine learning},
  volume={37},
  number={2},
  pages={183--233},
  year={1999},
  publisher={Springer}
}

@article{blei2017variational,
  title={Variational inference: A review for statisticians},
  author={Blei, David M and Kucukelbir, Alp and McAuliffe, Jon D},
  journal={Journal of the American Statistical Association},
  volume={112},
  number={518},
  pages={859--877},
  year={2017},
  publisher={Taylor \& Francis}
}

@book{robert2013monte,
  title={Monte Carlo statistical methods},
  author={Robert, Christian and Casella, George},
  year={2013},
  publisher={Springer Science \& Business Media}
}

@article{mishra2018simple,
  title={A simple neural attentive meta-learner},
  author={Mishra, Nikhil and Rohaninejad, Mostafa and Chen, Xi and Abbeel, Pieter},
  year={2018}
}

@article{santoro2016one,
  title={One-shot learning with memory-augmented neural networks},
  author={Santoro, Adam and Bartunov, Sergey and Botvinick, Matthew and Wierstra, Daan and Lillicrap, Timothy},
  journal={arXiv preprint arXiv:1605.06065},
  year={2016}
}

@article{bartunov2016fast,
  title={Fast adaptation in generative models with generative matching networks},
  author={Bartunov, Sergey and Vetrov, Dmitry P},
  journal={arXiv preprint arXiv:1612.02192},
  year={2016}
}

@inproceedings{bornschein2017variational,
  title={Variational memory addressing in generative models},
  author={Bornschein, J{\"o}rg and Mnih, Andriy and Zoran, Daniel and Rezende, Danilo Jimenez},
  booktitle={Advances in Neural Information Processing Systems},
  pages={3920--3929},
  year={2017}
}

@article{rezende2016one,
  title={One-shot generalization in deep generative models},
  author={Rezende, Danilo Jimenez and Mohamed, Shakir and Danihelka, Ivo and Gregor, Karol and Wierstra, Daan},
  journal={arXiv preprint arXiv:1603.05106},
  year={2016}
}

@article{wang2018low,
  title={Low-Shot Learning from Imaginary Data},
  author={Wang, Yu-Xiong and Girshick, Ross and Hebert, Martial and Hariharan, Bharath},
  journal={arXiv preprint arXiv:1801.05401},
  year={2018}
}

@article{lecun1998mnist,
  title={The MNIST database of handwritten digits},
  author={LeCun, Yann},
  journal={http://yann. lecun. com/exdb/mnist/},
  year={1998}
}

@inproceedings{sung2018learning,
  title={Learning to compare: Relation network for few-shot learning},
  author={Sung, Flood and Yang, Yongxin and Zhang, Li and Xiang, Tao and Torr, Philip HS and Hospedales, Timothy M},
  booktitle={Proceedings of the IEEE Conference on Computer Vision and Pattern Recognition},
  pages={1199--1208},
  year={2018}
}

@article{kim2018semi,
  title={Semi-Amortized Variational Autoencoders},
  author={Kim, Yoon and Wiseman, Sam and Miller, Andrew C and Sontag, David and Rush, Alexander M},
  journal={arXiv preprint arXiv:1802.02550},
  year={2018}
}

@inproceedings{wang2018zero,
  title={Zero-shot learning via class-conditioned deep generative models},
  author={Wang, Wenlin and Pu, Yunchen and Verma, Vinay Kumar and Fan, Kai and Zhang, Yizhe and Chen, Changyou and Rai, Piyush and Carin, Lawrence},
  booktitle={Thirty-Second AAAI Conference on Artificial Intelligence},
  year={2018}
}

@article{ravi2016optimization,
  title={Optimization as a model for few-shot learning},
  author={Ravi, Sachin and Larochelle, Hugo},
  year={2016}
}

@inproceedings{yoon2018bayesian,
  title={Bayesian Model-Agnostic Meta-Learning},
  author={Yoon, Jaesik and Kim, Taesup and Dia, Ousmane and Kim, Sungwoong and Bengio, Yoshua and Ahn, Sungjin},
  booktitle={Advances in Neural Information Processing Systems},
  pages={7343--7353},
  year={2018}
}

@article{garg2016meta,
  title={Meta-Unsupervised-Learning: A supervised approach to unsupervised learning},
  author={Garg, Vikas K and Kalai, Adam Tauman},
  journal={arXiv preprint arXiv:1612.09030},
  year={2016}
}

@article{ren2018meta,
  title={Meta-learning for semi-supervised few-shot classification},
  author={Ren, Mengye and Triantafillou, Eleni and Ravi, Sachin and Snell, Jake and Swersky, Kevin and Tenenbaum, Joshua B and Larochelle, Hugo and Zemel, Richard S},
  journal={arXiv preprint arXiv:1803.00676},
  year={2018}
}

@inproceedings{snell2017prototypical,
  title={Prototypical networks for few-shot learning},
  author={Snell, Jake and Swersky, Kevin and Zemel, Richard},
  booktitle={Advances in Neural Information Processing Systems},
  pages={4077--4087},
  year={2017}
}

@article{metz2018learning,
  title={Learning Unsupervised Learning Rules},
  author={Metz, Luke and Maheswaranathan, Niru and Cheung, Brian and Sohl-Dickstein, Jascha},
  journal={arXiv preprint arXiv:1804.00222},
  year={2018}
}

@article{schwartz2018delta,
  title={Delta-encoder: an effective sample synthesis method for few-shot object recognition},
  author={Schwartz, Eli and Karlinsky, Leonid and Shtok, Joseph and Harary, Sivan and Marder, Mattias and Feris, Rogerio and Kumar, Abhishek and Giryes, Raja and Bronstein, Alex M},
  journal={arXiv preprint arXiv:1806.04734},
  year={2018}
}

@article{hewitt2018variational,
  title={The Variational Homoencoder: Learning to learn high capacity generative models from few examples},
  author={Hewitt, Luke B and Nye, Maxwell I and Gane, Andreea and Jaakkola, Tommi and Tenenbaum, Joshua B},
  journal={arXiv preprint arXiv:1807.08919},
  year={2018}
}

@article{reed2017few,
  title={Few-shot Autoregressive Density Estimation: Towards Learning to Learn Distributions},
  author={Reed, Scott and Chen, Yutian and Paine, Thomas and Oord, A{\"a}ron van den and Eslami, SM and Rezende, Danilo and Vinyals, Oriol and de Freitas, Nando},
  journal={arXiv preprint arXiv:1710.10304},
  year={2017}
}

@article{edwards2016towards,
  title={Towards a neural statistician},
  author={Edwards, Harrison and Storkey, Amos},
  journal={arXiv preprint arXiv:1606.02185},
  year={2016}
}

@inproceedings{vinyals2016matching,
  title={Matching networks for one shot learning},
  author={Vinyals, Oriol and Blundell, Charles and Lillicrap, Tim and Wierstra, Daan and others},
  booktitle={Advances in Neural Information Processing Systems},
  pages={3630--3638},
  year={2016}
}

@article{grant2018recasting,
  title={Recasting gradient-based meta-learning as hierarchical bayes},
  author={Grant, Erin and Finn, Chelsea and Levine, Sergey and Darrell, Trevor and Griffiths, Thomas},
  journal={arXiv preprint arXiv:1801.08930},
  year={2018}
}

@article{tieleman2012lecture,
  title={Lecture 6.5-rmsprop: Divide the gradient by a running average of its recent magnitude},
  author={Tieleman, Tijmen and Hinton, Geoffrey},
  journal={COURSERA: Neural networks for machine learning},
  volume={4},
  number={2},
  pages={26--31},
  year={2012}
}
@article{cremer2018inference,
  title={Inference suboptimality in variational autoencoders},
  author={Cremer, Chris and Li, Xuechen and Duvenaud, David},
  journal={arXiv preprint arXiv:1801.03558},
  year={2018}
}

@article{le2016inference,
  title={Inference compilation and universal probabilistic programming},
  author={Le, Tuan Anh and Baydin, Atilim Gunes and Wood, Frank},
  journal={arXiv preprint arXiv:1610.09900},
  year={2016}
}

@article{shu2018amortized,
  title={Amortized Inference Regularization},
  author={Shu, Rui and Bui, Hung H and Zhao, Shengjia and Kochenderfer, Mykel J and Ermon, Stefano},
  journal={arXiv preprint arXiv:1805.08913},
  year={2018}
}

@inproceedings{finn2017model,
  title={Model-agnostic meta-learning for fast adaptation of deep networks},
  author={Finn, Chelsea and Abbeel, Pieter and Levine, Sergey},
  booktitle={Proceedings of the 34th International Conference on Machine Learning-Volume 70},
  pages={1126--1135},
  year={2017},
  organization={JMLR. org}
}

@article{garnelo2018neural,
  title={Neural processes},
  author={Garnelo, Marta and Schwarz, Jonathan and Rosenbaum, Dan and Viola, Fabio and Rezende, Danilo J and Eslami, SM and Teh, Yee Whye},
  journal={arXiv preprint arXiv:1807.01622},
  year={2018}
}

@article{garnelo2018conditional,
  title={Conditional neural processes},
  author={Garnelo, Marta and Rosenbaum, Dan and Maddison, Chris J and Ramalho, Tiago and Saxton, David and Shanahan, Murray and Teh, Yee Whye and Rezende, Danilo J and Eslami, SM},
  journal={arXiv preprint arXiv:1807.01613},
  year={2018}
}

@article{gordon2018decision,
  title={Decision-theoretic meta-learning: Versatile and efficient amortization of few-shot learning},
  author={Gordon, Jonathan and Bronskill, John and Bauer, Matthias and Nowozin, Sebastian and Turner, Richard E},
  journal={arXiv preprint arXiv:1805.09921},
  year={2018}
}
@article{hinton1995wake,
  title={The" wake-sleep" algorithm for unsupervised neural networks},
  author={Hinton, Geoffrey E and Dayan, Peter and Frey, Brendan J and Neal, Radford M},
  journal={Science},
  volume={268},
  number={5214},
  pages={1158--1161},
  year={1995},
  publisher={American Association for the Advancement of Science}
}

@article{bornschein2014reweighted,
  title={Reweighted wake-sleep},
  author={Bornschein, Jorg and Bengio, Yoshua},
  journal={arXiv preprint arXiv:1406.2751},
  year={2014}
}

@article{le2018revisiting,
  title={Revisiting reweighted wake-sleep},
  author={Le, Tuan Anh and Kosiorek, Adam R and Siddharth, N and Teh, Yee Whye and Wood, Frank},
  journal={arXiv preprint arXiv:1805.10469},
  year={2018}
}

@inproceedings{lecun2004learning,
  title={Learning methods for generic object recognition with invariance to pose and lighting},
  author={LeCun, Yann and Huang, Fu Jie and Bottou, Leon and others},
  booktitle={CVPR (2)},
  pages={97--104},
  year={2004},
  organization={Citeseer}
}

@misc{3dshapes18,
  title={3D Shapes Dataset},
  author={Burgess, Chris and Kim, Hyunjik},
  howpublished={https://github.com/deepmind/3dshapes-dataset/},
  year={2018}
}

@article{louizos2019functional,
  title={The Functional Neural Process},
  author={Louizos, Christos and Shi, Xiahan and Schutte, Klamer and Welling, Max},
  journal={arXiv preprint arXiv:1906.08324},
  year={2019}
}

@article{kim2019attentive,
  title={Attentive neural processes},
  author={Kim, Hyunjik and Mnih, Andriy and Schwarz, Jonathan and Garnelo, Marta and Eslami, Ali and Rosenbaum, Dan and Vinyals, Oriol and Teh, Yee Whye},
  journal={arXiv preprint arXiv:1901.05761},
  year={2019}
}

@article{kim2018bayesian,
  title={Bayesian Model-Agnostic Meta-Learning},
  author={Kim, Taesup and Yoon, Jaesik and Dia, Ousmane and Kim, Sungwoong and Bengio, Yoshua and Ahn, Sungjin},
  journal={arXiv preprint arXiv:1806.03836},
  year={2018}
}

@article{roth1996hardness,
  title={On the hardness of approximate reasoning},
  author={Roth, Dan},
  journal={Artificial Intelligence},
  volume={82},
  number={1-2},
  pages={273--302},
  year={1996},
  publisher={Elsevier}
}

@article{gelfand1990sampling,
  title={Sampling-based approaches to calculating marginal densities},
  author={Gelfand, Alan E and Smith, Adrian FM},
  journal={Journal of the American statistical association},
  volume={85},
  number={410},
  pages={398--409},
  year={1990},
  publisher={Taylor \& Francis Group}
}

@article{hastings1970monte,
  title={Monte Carlo sampling methods using Markov chains and their applications},
  author={Hastings, W Keith},
  year={1970},
  publisher={Oxford University Press}
}

@article{jordan1999introduction,
  title={An introduction to variational methods for graphical models},
  author={Jordan, Michael I and Ghahramani, Zoubin and Jaakkola, Tommi S and Saul, Lawrence K},
  journal={Machine learning},
  volume={37},
  number={2},
  pages={183--233},
  year={1999},
  publisher={Springer}
}

@article{blei2017variational,
  title={Variational inference: A review for statisticians},
  author={Blei, David M and Kucukelbir, Alp and McAuliffe, Jon D},
  journal={Journal of the American Statistical Association},
  volume={112},
  number={518},
  pages={859--877},
  year={2017},
  publisher={Taylor \& Francis}
}

@book{robert2013monte,
  title={Monte Carlo statistical methods},
  author={Robert, Christian and Casella, George},
  year={2013},
  publisher={Springer Science \& Business Media}
}

@article{mishra2018simple,
  title={A simple neural attentive meta-learner},
  author={Mishra, Nikhil and Rohaninejad, Mostafa and Chen, Xi and Abbeel, Pieter},
  year={2018}
}

@article{santoro2016one,
  title={One-shot learning with memory-augmented neural networks},
  author={Santoro, Adam and Bartunov, Sergey and Botvinick, Matthew and Wierstra, Daan and Lillicrap, Timothy},
  journal={arXiv preprint arXiv:1605.06065},
  year={2016}
}
@inproceedings{bornschein2017variational,
  title={Variational memory addressing in generative models},
  author={Bornschein, J{\"o}rg and Mnih, Andriy and Zoran, Daniel and Rezende, Danilo Jimenez},
  booktitle={Advances in Neural Information Processing Systems},
  pages={3920--3929},
  year={2017}
}

@article{rezende2016one,
  title={One-shot generalization in deep generative models},
  author={Rezende, Danilo Jimenez and Mohamed, Shakir and Danihelka, Ivo and Gregor, Karol and Wierstra, Daan},
  journal={arXiv preprint arXiv:1603.05106},
  year={2016}
}

@article{wang2018low,
  title={Low-Shot Learning from Imaginary Data},
  author={Wang, Yu-Xiong and Girshick, Ross and Hebert, Martial and Hariharan, Bharath},
  journal={arXiv preprint arXiv:1801.05401},
  year={2018}
}
@inproceedings{sung2018learning,
  title={Learning to compare: Relation network for few-shot learning},
  author={Sung, Flood and Yang, Yongxin and Zhang, Li and Xiang, Tao and Torr, Philip HS and Hospedales, Timothy M},
  booktitle={Proceedings of the IEEE Conference on Computer Vision and Pattern Recognition},
  pages={1199--1208},
  year={2018}
}

@article{kim2018semi,
  title={Semi-Amortized Variational Autoencoders},
  author={Kim, Yoon and Wiseman, Sam and Miller, Andrew C and Sontag, David and Rush, Alexander M},
  journal={arXiv preprint arXiv:1802.02550},
  year={2018}
}

@inproceedings{wang2018zero,
  title={Zero-shot learning via class-conditioned deep generative models},
  author={Wang, Wenlin and Pu, Yunchen and Verma, Vinay Kumar and Fan, Kai and Zhang, Yizhe and Chen, Changyou and Rai, Piyush and Carin, Lawrence},
  booktitle={Thirty-Second AAAI Conference on Artificial Intelligence},
  year={2018}
}

@article{ravi2016optimization,
  title={Optimization as a model for few-shot learning},
  author={Ravi, Sachin and Larochelle, Hugo},
  year={2016}
}

@inproceedings{yoon2018bayesian,
  title={Bayesian Model-Agnostic Meta-Learning},
  author={Yoon, Jaesik and Kim, Taesup and Dia, Ousmane and Kim, Sungwoong and Bengio, Yoshua and Ahn, Sungjin},
  booktitle={Advances in Neural Information Processing Systems},
  pages={7343--7353},
  year={2018}
}

@article{garg2016meta,
  title={Meta-Unsupervised-Learning: A supervised approach to unsupervised learning},
  author={Garg, Vikas K and Kalai, Adam Tauman},
  journal={arXiv preprint arXiv:1612.09030},
  year={2016}
}

@article{ren2018meta,
  title={Meta-learning for semi-supervised few-shot classification},
  author={Ren, Mengye and Triantafillou, Eleni and Ravi, Sachin and Snell, Jake and Swersky, Kevin and Tenenbaum, Joshua B and Larochelle, Hugo and Zemel, Richard S},
  journal={arXiv preprint arXiv:1803.00676},
  year={2018}
}

@article{metz2018learning,
  title={Learning Unsupervised Learning Rules},
  author={Metz, Luke and Maheswaranathan, Niru and Cheung, Brian and Sohl-Dickstein, Jascha},
  journal={arXiv preprint arXiv:1804.00222},
  year={2018}
}

@article{schwartz2018delta,
  title={Delta-encoder: an effective sample synthesis method for few-shot object recognition},
  author={Schwartz, Eli and Karlinsky, Leonid and Shtok, Joseph and Harary, Sivan and Marder, Mattias and Feris, Rogerio and Kumar, Abhishek and Giryes, Raja and Bronstein, Alex M},
  journal={arXiv preprint arXiv:1806.04734},
  year={2018}
}

@article{tieleman2012lecture,
  title={Lecture 6.5-rmsprop: Divide the gradient by a running average of its recent magnitude},
  author={Tieleman, Tijmen and Hinton, Geoffrey},
  journal={COURSERA: Neural networks for machine learning},
  volume={4},
  number={2},
  pages={26--31},
  year={2012}
}


@article{cremer2018inference,
  title={Inference suboptimality in variational autoencoders},
  author={Cremer, Chris and Li, Xuechen and Duvenaud, David},
  journal={arXiv preprint arXiv:1801.03558},
  year={2018}
}

@article{shu2018amortized,
  title={Amortized Inference Regularization},
  author={Shu, Rui and Bui, Hung H and Zhao, Shengjia and Kochenderfer, Mykel J and Ermon, Stefano},
  journal={arXiv preprint arXiv:1805.08913},
  year={2018}
}

@article{garnelo2018conditional,
  title={Conditional neural processes},
  author={Garnelo, Marta and Rosenbaum, Dan and Maddison, Chris J and Ramalho, Tiago and Saxton, David and Shanahan, Murray and Teh, Yee Whye and Rezende, Danilo J and Eslami, SM},
  journal={arXiv preprint arXiv:1807.01613},
  year={2018}
}
@article{brock2018large,
  title={Large scale gan training for high fidelity natural image synthesis},
  author={Brock, Andrew and Donahue, Jeff and Simonyan, Karen},
  journal={arXiv preprint arXiv:1809.11096},
  year={2018}
}

@article{oord2016wavenet,
  title={Wavenet: A generative model for raw audio},
  author={Oord, Aaron van den and Dieleman, Sander and Zen, Heiga and Simonyan, Karen and Vinyals, Oriol and Graves, Alex and Kalchbrenner, Nal and Senior, Andrew and Kavukcuoglu, Koray},
  journal={arXiv preprint arXiv:1609.03499},
  year={2016}
}

@article{segler2017generating,
  title={Generating focused molecule libraries for drug discovery with recurrent neural networks},
  author={Segler, Marwin HS and Kogej, Thierry and Tyrchan, Christian and Waller, Mark P},
  journal={ACS central science},
  volume={4},
  number={1},
  pages={120--131},
  year={2017},
  publisher={ACS Publications}
}

@inproceedings{xu2018fairgan,
  title={Fairgan: Fairness-aware generative adversarial networks},
  author={Xu, Depeng and Yuan, Shuhan and Zhang, Lu and Wu, Xintao},
  booktitle={2018 IEEE International Conference on Big Data (Big Data)},
  pages={570--575},
  year={2018},
  organization={IEEE}
}

@book{Goodfellow-et-al-2016,
    title={Deep Learning},
    author={Ian Goodfellow and Yoshua Bengio and Aaron Courville},
    publisher={MIT Press},
    note={\url{http://www.deeplearningbook.org}},
    year={2016}
}

@article{gururangan2019variational,
  title={Variational Pretraining for Semi-supervised Text Classification},
  author={Gururangan, Suchin and Dang, Tam and Card, Dallas and Smith, Noah A},
  journal={arXiv preprint arXiv:1906.02242},
  year={2019}
}

@inproceedings{klingler2017efficient,
  title={Efficient Feature Embeddings for Student Classification with Variational Auto-encoders.},
  author={Klingler, Severin and Wampfler, Rafael and K{\"a}ser, Tanja and Solenthaler, Barbara and Gross, Markus H},
  booktitle={EDM},
  year={2017}
}

@inproceedings{ramanathan2015learning,
  title={Learning temporal embeddings for complex video analysis},
  author={Ramanathan, Vignesh and Tang, Kevin and Mori, Greg and Fei-Fei, Li},
  booktitle={Proceedings of the IEEE International Conference on Computer Vision},
  pages={4471--4479},
  year={2015}
}

@inproceedings{mao2018deep,
  title={Deep generative classifiers for thoracic disease diagnosis with chest x-ray images},
  author={Mao, Chengsheng and Yao, Liang and Pan, Yiheng and Luo, Yuan and Zeng, Zexian},
  booktitle={2018 IEEE International Conference on Bioinformatics and Biomedicine (BIBM)},
  pages={1209--1214},
  year={2018},
  organization={IEEE}
}

@article{berthelot2018understanding,
  title={Understanding and improving interpolation in autoencoders via an adversarial regularizer},
  author={Berthelot, David and Raffel, Colin and Roy, Aurko and Goodfellow, Ian},
  journal={arXiv preprint arXiv:1807.07543},
  year={2018}
}
@article{edgeworth1888statistics,
  title={The statistics of examinations},
  author={Edgeworth, Francis Ysidro},
  journal={Journal of the Royal Statistical Society},
  volume={51},
  number={3},
  pages={599--635},
  year={1888},
  publisher={JSTOR}
}
@book{ravitch1995national,
  title={National standards in American education: A citizen's guide.},
  author={Ravitch, Diane},
  year={1995},
  publisher={ERIC}
}
@article{harlen2001assessment,
  title={The assessment of scientific literacy in the OECD/PISA project},
  author={Harlen, Wynne},
  year={2001},
  publisher={Taylor \& Francis}
}
@inproceedings{braginsky2015developmental,
  title={Developmental Changes in the Relationship Between Grammar and the Lexicon.},
  author={Braginsky, Mika and Yurovsky, Daniel and Marchman, Virginia A and Frank, Michael C},
  booktitle={CogSci},
  pages={256--261},
  year={2015}
}
@article{luniewska2016ratings,
  title={Ratings of age of acquisition of 299 words across 25 languages: Is there a cross-linguistic order of words?},
  author={{\L}uniewska, Magdalena and Haman, Ewa and Armon-Lotem, Sharon and Etenkowski, Bart{\l}omiej and Southwood, Frenette and An{\dj}elkovi{\'c}, Darinka and Blom, Elma and Boerma, Tessel and Chiat, Shula and de Abreu, Pascale Engel and others},
  journal={Behavior research methods},
  volume={48},
  number={3},
  pages={1154--1177},
  year={2016},
  publisher={Springer}
}
@article{frank2017wordbank,
  title={Wordbank: An open repository for developmental vocabulary data},
  author={Frank, Michael C and Braginsky, Mika and Yurovsky, Daniel and Marchman, Virginia A},
  journal={Journal of child language},
  volume={44},
  number={3},
  pages={677--694},
  year={2017},
  publisher={Cambridge University Press}
}
@article{hartshorne2018critical,
  title={A critical period for second language acquisition: Evidence from 2/3 million English speakers},
  author={Hartshorne, Joshua K and Tenenbaum, Joshua B and Pinker, Steven},
  journal={Cognition},
  volume={177},
  pages={263--277},
  year={2018},
  publisher={Elsevier}
}
@article{rasch1960studies,
  title={Studies in mathematical psychology: I. Probabilistic models for some intelligence and attainment tests.},
  author={Rasch, Georg},
  year={1960},
  publisher={Nielsen \& Lydiche}
}
@article{ackerman1994using,
  title={Using multidimensional item response theory to understand what items and tests are measuring},
  author={Ackerman, Terry A},
  journal={Applied Measurement in Education},
  volume={7},
  number={4},
  pages={255--278},
  year={1994},
  publisher={Taylor \& Francis}
}
@incollection{reckase2009multidimensional,
  title={Multidimensional item response theory models},
  author={Reckase, Mark D},
  booktitle={Multidimensional item response theory},
  pages={79--112},
  year={2009},
  publisher={Springer}
}
@article{mcdonald2000basis,
  title={A basis for multidimensional item response theory},
  author={McDonald, Roderick P},
  journal={Applied Psychological Measurement},
  volume={24},
  number={2},
  pages={99--114},
  year={2000},
  publisher={Sage Publications Sage CA: Thousand Oaks, CA}
}
@incollection{reckase2009multidimensional,
  title={Multidimensional item response theory models},
  author={Reckase, Mark D},
  booktitle={Multidimensional item response theory},
  pages={79--112},
  year={2009},
  publisher={Springer}
}
@article{rasch1960studies,
  title={Studies in mathematical psychology: I. Probabilistic models for some intelligence and attainment tests.},
  author={Rasch, Georg},
  year={1960},
  publisher={Nielsen \& Lydiche}
}
@article{ackerman1994using,
  title={Using multidimensional item response theory to understand what items and tests are measuring},
  author={Ackerman, Terry A},
  journal={Applied Measurement in Education},
  volume={7},
  number={4},
  pages={255--278},
  year={1994},
  publisher={Taylor \& Francis}
}
@article{mcdonald2000basis,
  title={A basis for multidimensional item response theory},
  author={McDonald, Roderick P},
  journal={Applied Psychological Measurement},
  volume={24},
  number={2},
  pages={99--114},
  year={2000},
  publisher={Sage Publications Sage CA: Thousand Oaks, CA}
}
@article{hastings1970monte,
  title={Monte Carlo sampling methods using Markov chains and their applications},
  author={Hastings, W Keith},
  year={1970},
  publisher={Oxford University Press}
}
@article{gelfand1990sampling,
  title={Sampling-based approaches to calculating marginal densities},
  author={Gelfand, Alan E and Smith, Adrian FM},
  journal={Journal of the American statistical association},
  volume={85},
  number={410},
  pages={398--409},
  year={1990},
  publisher={Taylor \& Francis Group}
}
@article{betancourt2017conceptual,
  title={A conceptual introduction to Hamiltonian Monte Carlo},
  author={Betancourt, Michael},
  journal={arXiv preprint arXiv:1701.02434},
  year={2017}
}
@article{hoffman2014no,
  title={The No-U-Turn sampler: adaptively setting path lengths in Hamiltonian Monte Carlo.},
  author={Hoffman, Matthew D and Gelman, Andrew},
  journal={Journal of Machine Learning Research},
  volume={15},
  number={1},
  pages={1593--1623},
  year={2014}
}
@article{neal2011mcmc,
  title={MCMC using Hamiltonian dynamics},
  author={Neal, Radford M and others},
  journal={Handbook of markov chain monte carlo},
  volume={2},
  number={11},
  pages={2},
  year={2011}
}
@article{neal1994improved,
  title={An improved acceptance procedure for the hybrid Monte Carlo algorithm},
  author={Neal, Radford M},
  journal={Journal of Computational Physics},
  volume={111},
  number={1},
  pages={194--203},
  year={1994},
  publisher={Elsevier}
}
@article{jordan1999introduction,
  title={An introduction to variational methods for graphical models},
  author={Jordan, Michael I and Ghahramani, Zoubin and Jaakkola, Tommi S and Saul, Lawrence K},
  journal={Machine learning},
  volume={37},
  number={2},
  pages={183--233},
  year={1999},
  publisher={Springer}
}
@article{wainwright2008graphical,
  title={Graphical models, exponential families, and variational inference},
  author={Wainwright, Martin J and Jordan, Michael I and others},
  journal={Foundations and Trends{\textregistered} in Machine Learning},
  volume={1},
  number={1--2},
  pages={1--305},
  year={2008},
  publisher={Now Publishers, Inc.}
}
@article{blei2017variational,
  title={Variational inference: A review for statisticians},
  author={Blei, David M and Kucukelbir, Alp and McAuliffe, Jon D},
  journal={Journal of the American Statistical Association},
  volume={112},
  number={518},
  pages={859--877},
  year={2017},
  publisher={Taylor \& Francis}
}
@inproceedings{gershman2014amortized,
  title={Amortized inference in probabilistic reasoning},
  author={Gershman, Samuel and Goodman, Noah},
  booktitle={Proceedings of the annual meeting of the cognitive science society},
  volume={36},
  number={36},
  year={2014}
}
@article{kingma2013auto,
  title={Auto-encoding variational bayes},
  author={Kingma, Diederik P and Welling, Max},
  journal={arXiv preprint arXiv:1312.6114},
  year={2013}
}
@article{rezende2014stochastic,
  title={Stochastic backpropagation and approximate inference in deep generative models},
  author={Rezende, Danilo Jimenez and Mohamed, Shakir and Wierstra, Daan},
  journal={arXiv preprint arXiv:1401.4082},
  year={2014}
}
@article{yeung2019deep,
  title={Deep-IRT: Make Deep Learning Based Knowledge Tracing Explainable Using Item Response Theory},
  author={Yeung, Chun-Kit},
  journal={arXiv preprint arXiv:1904.11738},
  year={2019}
}
@article{weissman2013optimizing,
  title={Optimizing information using the EM algorithm in item response theory},
  author={Weissman, Alexander},
  journal={Annals of Operations Research},
  volume={206},
  number={1},
  pages={627--646},
  year={2013},
  publisher={Springer}
}
@article{zheng2018expectation,
  title={Expectation-maximization-maximization: a feasible MLE algorithm for the three-parameter logistic model based on a mixture modeling reformulation},
  author={Zheng, Chanjin and Meng, Xiangbin and Guo, Shaoyang and Liu, Zhengguang},
  journal={Frontiers in psychology},
  volume={8},
  pages={2302},
  year={2018},
  publisher={Frontiers}
}
@article{woodruff1996estimation,
  title={Estimation of Item Response Models Using the EM Algorithm for Finite Mixtures.},
  author={Woodruff, David J and Hanson, Bradley A},
  year={1996},
  publisher={ERIC}
}
@article{bingham2019pyro,
  title={Pyro: Deep universal probabilistic programming},
  author={Bingham, Eli and Chen, Jonathan P and Jankowiak, Martin and Obermeyer, Fritz and Pradhan, Neeraj and Karaletsos, Theofanis and Singh, Rohit and Szerlip, Paul and Horsfall, Paul and Goodman, Noah D},
  journal={The Journal of Machine Learning Research},
  volume={20},
  number={1},
  pages={973--978},
  year={2019},
  publisher={JMLR. org}
}
@article{kingma2014adam,
  title={Adam: A method for stochastic optimization},
  author={Kingma, Diederik P and Ba, Jimmy},
  journal={arXiv preprint arXiv:1412.6980},
  year={2014}
}
@inproceedings{webb2018faithful,
  title={Faithful inversion of generative models for effective amortized inference},
  author={Webb, Stefan and Golinski, Adam and Zinkov, Rob and Narayanaswamy, Siddharth and Rainforth, Tom and Teh, Yee Whye and Wood, Frank},
  booktitle={Advances in Neural Information Processing Systems},
  pages={3070--3080},
  year={2018}
}
@article{hinton1999products,
  title={Products of experts},
  author={Hinton, Geoffrey E},
  year={1999},
  publisher={IET}
}
@inproceedings{wu2018multimodal,
  title={Multimodal generative models for scalable weakly-supervised learning},
  author={Wu, Mike and Goodman, Noah},
  booktitle={Advances in Neural Information Processing Systems},
  pages={5575--5585},
  year={2018}
}
@article{hartshorne2018critical,
  title={A critical period for second language acquisition: Evidence from 2/3 million English speakers},
  author={Hartshorne, Joshua K and Tenenbaum, Joshua B and Pinker, Steven},
  journal={Cognition},
  volume={177},
  pages={263--277},
  year={2018},
  publisher={Elsevier}
}
@article{frank2017wordbank,
  title={Wordbank: An open repository for developmental vocabulary data},
  author={Frank, Michael C and Braginsky, Mika and Yurovsky, Daniel and Marchman, Virginia A},
  journal={Journal of child language},
  volume={44},
  number={3},
  pages={677--694},
  year={2017},
  publisher={Cambridge University Press}
}
@inproceedings{singh2017gradescope,
  title={Gradescope: a fast, flexible, and fair system for scalable assessment of handwritten work},
  author={Singh, Arjun and Karayev, Sergey and Gutowski, Kevin and Abbeel, Pieter},
  booktitle={Proceedings of the fourth (2017) acm conference on learning@ scale},
  pages={81--88},
  year={2017},
  organization={ACM}
}
@article{organisation2016pisa,
  title={PISA 2015 database},
  author={Organisation for Economic Co-operation and Development (OECD)},
  year={2016},
  publisher={OECD, Paris, France}
}
@inproceedings{settles2018second,
  title={Second language acquisition modeling},
  author={Settles, Burr and Brust, Chris and Gustafson, Erin and Hagiwara, Masato and Madnani, Nitin},
  booktitle={Proceedings of the thirteenth workshop on innovative use of NLP for building educational applications},
  pages={56--65},
  year={2018}
}
@book{lindenHandbookItemResponse2017,
 title = {Handbook of Item Response Theory: Volume 2: Statistical Tools},
 language = {en},
 publisher = {CRC Press},
 author = {Linden, Wim J. van der},
 year = {2017}
}
@inproceedings{cheng2019dirt,
  title={DIRT: Deep Learning Enhanced Item Response Theory for Cognitive Diagnosis},
  author={Cheng, Song and Liu, Qi and Chen, Enhong and Huang, Zai and Huang, Zhenya and Chen, Yiying and Ma, Haiping and Hu, Guoping},
  booktitle={Proceedings of the 28th ACM International Conference on Information and Knowledge Management},
  pages={2397--2400},
  year={2019}
}
@inproceedings{zhang2017dynamic,
  title={Dynamic key-value memory networks for knowledge tracing},
  author={Zhang, Jiani and Shi, Xingjian and King, Irwin and Yeung, Dit-Yan},
  booktitle={Proceedings of the 26th international conference on World Wide Web},
  pages={765--774},
  year={2017}
}
@article{natesan2016bayesian,
  title={Bayesian prior choice in IRT estimation using MCMC and variational Bayes},
  author={Natesan, Prathiba and Nandakumar, Ratna and Minka, Tom and Rubright, Jonathan D},
  journal={Frontiers in psychology},
  volume={7},
  pages={1422},
  year={2016},
  publisher={Frontiers}
}
@inproceedings{curi2019interpretable,
  title={Interpretable Variational Autoencoders for Cognitive Models},
  author={Curi, Mariana and Converse, Geoffrey A and Hajewski, Jeff and Oliveira, Suely},
  booktitle={2019 International Joint Conference on Neural Networks (IJCNN)},
  pages={1--8},
  year={2019},
  organization={IEEE}
}
@inproceedings{barnes2005q,
  title={The Q-matrix method: Mining student response data for knowledge},
  author={Barnes, Tiffany},
  booktitle={American Association for Artificial Intelligence 2005 Educational Data Mining Workshop},
  pages={1--8},
  year={2005}
}
@book{embretson2013item,
  title={Item response theory},
  author={Embretson, Susan E and Reise, Steven P},
  year={2013},
  publisher={Psychology Press}
}
@article{beguin2001mcmc,
  title={MCMC estimation and some model-fit analysis of multidimensional IRT models},
  author={B{\'e}guin, Anton A and Glas, Ceec AW},
  journal={Psychometrika},
  volume={66},
  number={4},
  pages={541--561},
  year={2001},
  publisher={Springer}
}
@article{bock1981marginal,
  title={Marginal maximum likelihood estimation of item parameters: Application of an EM algorithm},
  author={Bock, R Darrell and Aitkin, Murray},
  journal={Psychometrika},
  volume={46},
  number={4},
  pages={443--459},
  year={1981},
  publisher={Springer}
}
@article{bock1988full,
  title={Full-information item factor analysis},
  author={Bock, R Darrell and Gibbons, Robert and Muraki, Eiji},
  journal={Applied Psychological Measurement},
  volume={12},
  number={3},
  pages={261--280},
  year={1988},
  publisher={Sage Publications Sage CA: Thousand Oaks, CA}
}
@article{haberman1977maximum,
  title={Maximum likelihood estimates in exponential response models},
  author={Haberman, Shelby J},
  journal={The Annals of Statistics},
  pages={815--841},
  year={1977},
  publisher={JSTOR}
}
@article{dempster1977maximum,
  title={Maximum likelihood from incomplete data via the EM algorithm},
  author={Dempster, Arthur P and Laird, Nan M and Rubin, Donald B},
  journal={Journal of the Royal Statistical Society: Series B (Methodological)},
  volume={39},
  number={1},
  pages={1--22},
  year={1977},
  publisher={Wiley Online Library}
}
@article{harwell1988item,
  title={Item parameter estimation via marginal maximum likelihood and an EM algorithm: A didactic},
  author={Harwell, Michael R and Baker, Frank B and Zwarts, Michael},
  journal={Journal of Educational Statistics},
  volume={13},
  number={3},
  pages={243--271},
  year={1988},
  publisher={SAGE Publications Sage CA: Los Angeles, CA}
}
@article{edgeworth1888statistics,
  title={The statistics of examinations},
  author={Edgeworth, Francis Ysidro},
  journal={Journal of the Royal Statistical Society},
  volume={51},
  number={3},
  pages={599--635},
  year={1888},
  publisher={JSTOR}
}
@book{ravitch1995national,
  title={National standards in American education: A citizen's guide.},
  author={Ravitch, Diane},
  year={1995},
  publisher={ERIC}
}
@article{harlen2001assessment,
  title={The assessment of scientific literacy in the OECD/PISA project},
  author={Harlen, Wynne},
  year={2001},
  publisher={Taylor \& Francis}
}
@article{magdalena2016ratings,
  title={Ratings of age of acquisition of 299 words across 25 languages: Is there a cross-linguistic order og words?},
  author={Magdalena, Luniewska and Haman, Ewa and Lotem, Sharon Armon and Etenkowski, Bartlomiej and Southwood, Frenette and Andjelkovic, Darinka and Bloom, Elma and Boerma, Tessel and Chiat, Shula and de Abreu, Pascale Engel and others},
  journal={Behavior Research Methods (print Edition)},
  volume={48},
  number={3},
  pages={1154--1177},
  year={2016}
}
@inproceedings{braginsky2015developmental,
  title={Developmental Changes in the Relationship Between Grammar and the Lexicon.},
  author={Braginsky, Mika and Yurovsky, Daniel and Marchman, Virginia A and Frank, Michael C},
  booktitle={CogSci},
  pages={256--261},
  year={2015}
}
@article{williams1992simple,
  title={Simple statistical gradient-following algorithms for connectionist reinforcement learning},
  author={Williams, Ronald J},
  journal={Machine learning},
  volume={8},
  number={3-4},
  pages={229--256},
  year={1992},
  publisher={Springer}
}
@article{mnih2014neural,
  title={Neural variational inference and learning in belief networks},
  author={Mnih, Andriy and Gregor, Karol},
  journal={arXiv preprint arXiv:1402.0030},
  year={2014}
}
@article{rezende2015variational,
  title={Variational inference with normalizing flows},
  author={Rezende, Danilo Jimenez and Mohamed, Shakir},
  journal={arXiv preprint arXiv:1505.05770},
  year={2015}
}
@article{tomczak2016improving,
  title={Improving variational auto-encoders using householder flow},
  author={Tomczak, Jakub M and Welling, Max},
  journal={arXiv preprint arXiv:1611.09630},
  year={2016}
}
@article{berg2018sylvester,
  title={Sylvester normalizing flows for variational inference},
  author={Berg, Rianne van den and Hasenclever, Leonard and Tomczak, Jakub M and Welling, Max},
  journal={arXiv preprint arXiv:1803.05649},
  year={2018}
}
@article{sinharay2006posterior,
  title={Posterior predictive assessment of item response theory models},
  author={Sinharay, Sandip and Johnson, Matthew S and Stern, Hal S},
  journal={Applied Psychological Measurement},
  volume={30},
  number={4},
  pages={298--321},
  year={2006},
  publisher={Sage Publications Sage CA: Thousand Oaks, CA}
}
@article{huang2018neural,
  title={Neural autoregressive flows},
  author={Huang, Chin-Wei and Krueger, David and Lacoste, Alexandre and Courville, Aaron},
  journal={arXiv preprint arXiv:1804.00779},
  year={2018}
}
@article{kingma1606improving,
  title={Improving variational inference with inverse autoregressive flow.(nips), 2016},
  author={Kingma, Diederik P and Salimans, Tim and Jozefowicz, Rafal and Chen, Xi and Sutskever, Ilya and Welling, Max},
  journal={URL http://arxiv. org/abs/1606.04934}
}
@inproceedings{vaswani2017attention,
  title={Attention is all you need},
  author={Vaswani, Ashish and Shazeer, Noam and Parmar, Niki and Uszkoreit, Jakob and Jones, Llion and Gomez, Aidan N and Kaiser, {\L}ukasz and Polosukhin, Illia},
  booktitle={Advances in neural information processing systems},
  pages={5998--6008},
  year={2017}
}
@article{piech2019stanford,
  title={The Stanford Acuity Test: A Precise Vision Test Using Bayesian Techniques and a Discovery in Human Visual Response},
  author={Piech, Chris and Malik, Ali and Scott, Laura M and Chang, Robert T and Lin, Charles},
  journal={arXiv preprint arXiv:1906.01811},
  year={2019}
}
@article{liu2018fitting,
  title={Fitting item response unfolding models to Likert-scale data using mirt in R},
  author={Liu, Chen-Wei and Chalmers, R Philip},
  journal={PloS one},
  volume={13},
  number={5},
  year={2018},
  publisher={Public Library of Science}
}
@article{andrich1993hyperbolic,
  title={A hyperbolic cosine latent trait model for unfolding dichotomous single-stimulus responses},
  author={Andrich, David and Luo, Guanzhong},
  journal={Applied Psychological Measurement},
  volume={17},
  number={3},
  pages={253--276},
  year={1993},
  publisher={Sage Publications Sage CA: Thousand Oaks, CA}
}
@article{bingham2019pyro,
  title={Pyro: Deep universal probabilistic programming},
  author={Bingham, Eli and Chen, Jonathan P and Jankowiak, Martin and Obermeyer, Fritz and Pradhan, Neeraj and Karaletsos, Theofanis and Singh, Rohit and Szerlip, Paul and Horsfall, Paul and Goodman, Noah D},
  journal={The Journal of Machine Learning Research},
  volume={20},
  number={1},
  pages={973--978},
  year={2019},
  publisher={JMLR. org}
}
@article{chalmers2012mirt,
  title={mirt: A multidimensional item response theory package for the R environment},
  author={Chalmers, R Philip and others},
  journal={Journal of Statistical Software},
  volume={48},
  number={6},
  pages={1--29},
  year={2012}
}
@article{liu1994note,
  title={A note on Gauss—Hermite quadrature},
  author={Liu, Qing and Pierce, Donald A},
  journal={Biometrika},
  volume={81},
  number={3},
  pages={624--629},
  year={1994},
  publisher={Oxford University Press}
}
@article{naylor1982applications,
  title={Applications of a method for the efficient computation of posterior distributions},
  author={Naylor, John C and Smith, Adrian FM},
  journal={Journal of the Royal Statistical Society: Series C (Applied Statistics)},
  volume={31},
  number={3},
  pages={214--225},
  year={1982},
  publisher={Wiley Online Library}
}
@misc{houts2015flexmirt,
  title={flexMIRT: Flexible multilevel multidimensional item analysis and test scoring user’s manual version 3.5 RC},
  author={Houts, Carrie R and Cai, Li},
  year={2015},
  publisher={North Carolina, CA. https://vpgcentral. com/software/flexmirt}
}
@article{samejima2000logistic,
  title={Logistic positive exponent family of models: Virtue of asymmetric item characteristic curves},
  author={Samejima, Fumiko},
  journal={Psychometrika},
  volume={65},
  number={3},
  pages={319--335},
  year={2000},
  publisher={Springer}
}
@inproceedings{sympson1978model,
  title={A model for testing with multidimensional items},
  author={Sympson, James B},
  booktitle={Proceedings of the 1977 computerized adaptive testing conference},
  number={00014},
  year={1978}
}
@article{ackerman1989unidimensional,
  title={Unidimensional IRT calibration of compensatory and noncompensatory multidimensional items},
  author={Ackerman, Terry A},
  journal={Applied Psychological Measurement},
  volume={13},
  number={2},
  pages={113--127},
  year={1989},
  publisher={Sage Publications Sage CA: Thousand Oaks, CA}
}
@article{maydeu2006multidimensional,
  title={A multidimensional ideal point item response theory model for binary data},
  author={Maydeu-Olivares, Albert and Hern{\'a}ndez, Adolfo and McDonald, Roderick P},
  journal={Multivariate Behavioral Research},
  volume={41},
  number={4},
  pages={445--472},
  year={2006},
  publisher={Taylor \& Francis}
}
@article{chen2019joint,
  title={Joint maximum likelihood estimation for high-dimensional exploratory item factor analysis},
  author={Chen, Yunxiao and Li, Xiaoou and Zhang, Siliang},
  journal={Psychometrika},
  volume={84},
  number={1},
  pages={124--146},
  year={2019},
  publisher={Springer}
}
@article{lee2018asymmetric,
  title={Asymmetric item characteristic curves and item complexity: Insights from simulation and real data analyses},
  author={Lee, Sora and Bolt, Daniel M},
  journal={Psychometrika},
  volume={83},
  number={2},
  pages={453--475},
  year={2018},
  publisher={Springer}
}
@book{van2017handbook,
  title={Handbook of Item Response Theory: Volume 2: Statistical Tools},
  author={Van der Linden, Wim J},
  year={2017},
  publisher={CRC Press}
}
@article{wu2018zero,
  title={Zero Shot Learning for Code Education: Rubric Sampling with Deep Learning Inference},
  author={Wu, Mike and Mosse, Milan and Goodman, Noah and Piech, Chris},
  journal={arXiv preprint arXiv:1809.01357},
  year={2018}
}

@inproceedings{feldman2018automatic,
  title={Automatic Diagnosis of Students' Misconceptions in K-8 Mathematics},
  author={Feldman, Molly Q and Cho, Ji Yong and Ong, Monica and Gulwani, Sumit and Popovi{\'c}, Zoran and Andersen, Erik},
  booktitle={Proceedings of the 2018 CHI Conference on Human Factors in Computing Systems},
  pages={1--12},
  year={2018}
}

@inproceedings{koedinger2015methods,
  title={Methods for Evaluating Simulated Learners: Examples from SimStudent.},
  author={Koedinger, Kenneth R and Matsuda, Noboru and MacLellan, Christopher J and McLaughlin, Elizabeth A},
  booktitle={AIED Workshops},
  year={2015}
}

@article{brown1980repair,
  title={Repair theory: A generative theory of bugs in procedural skills},
  author={Brown, John Seely and VanLehn, Kurt},
  journal={Cognitive science},
  volume={4},
  number={4},
  pages={379--426},
  year={1980},
  publisher={Elsevier}
}

@article{pyro,
  author  = {Eli Bingham and Jonathan P. Chen and Martin Jankowiak and Fritz Obermeyer and Neeraj Pradhan and Theofanis Karaletsos and Rohit Singh and Paul Szerlip and Paul Horsfall and Noah D. Goodman},
  title   = {Pyro: Deep Universal Probabilistic Programming},
  journal = {Journal of Machine Learning Research},
  year    = {2019},
  volume  = {20},
  number  = {28},
  pages   = {1-6},
  url     = {http://jmlr.org/papers/v20/18-403.html}
}

@InProceedings{wingategoodman, title = {Lightweight Implementations of Probabilistic Programming Languages Via Transformational Compilation}, author = {David Wingate and Andreas Stuhlmueller and Noah Goodman}, booktitle = {Proceedings of the Fourteenth International Conference on Artificial Intelligence and Statistics}, pages = {770--778}, year = {2011}, editor = {Geoffrey Gordon and David Dunson and Miroslav Dudík}, volume = {15}, series = {Proceedings of Machine Learning Research}, address = {Fort Lauderdale, FL, USA}, month = {11--13 Apr}, publisher = {JMLR Workshop and Conference Proceedings}, pdf = {http://proceedings.mlr.press/v15/wingate11a/wingate11a.pdf}, url = {http://proceedings.mlr.press/v15/wingate11a.html}, abstract = {We describe a general method of transforming arbitrary programming languages into probabilistic programming languages with straightforward MCMC inference engines. Random choices in the program are “"named"” with information about their position in an execution trace; these names are used in conjunction with a database of randomness to implement MCMC inference in the space of execution traces. We encode naming information using lightweight source-to-source compilers. Our method enables us to reuse existing infrastructure (compilers, interpreters, etc.) with minimal additional code, implying fast models with low development overhead. We illustrate the technique on two languages, one functional and one imperative: Bher, a compiled version of the Church language which eliminates interpretive overhead of the original MIT-Church implementation, and Stochastic Matlab, a new open-source language. [pdf]} }

@article{mlconjug,
  title={mlconjug: A Python library to conjugate verbs using Machine Learning techniques.},
  author={Diao, Sekou},
  year={2018},
  journal={GitHub: https://github.com/SekouD/mlconjug}
}

@article{bowen2012cost,
  title={The ‘cost disease’in higher education: is technology the answer?},
  author={Bowen, William G},
  journal={The Tanner Lectures Stanford University},
  year={2012}
}

@inproceedings{piech2015deep,
  title={Deep knowledge tracing},
  author={Piech, Chris and Bassen, Jonathan and Huang, Jonathan and Ganguli, Surya and Sahami, Mehran and Guibas, Leonidas J and Sohl-Dickstein, Jascha},
  booktitle={Advances in neural information processing systems},
  pages={505--513},
  year={2015}
}


@techreport{ritchie2016DAIPP,
	author = {Daniel Ritchie and Paul Horsfall and Noah D. Goodman},
	title = {{Deep Amortized Inference for Probabilistic Programs}},
	year = {2016}}


@article{expertconservation,
author = {MARTIN, TARA G. and BURGMAN, MARK A. and FIDLER, FIONA and KUHNERT, PETRA M. and LOW-CHOY, SAMANTHA and MCBRIDE, MARISSA and MENGERSEN, KERRIE},
title = {Eliciting Expert Knowledge in Conservation Science},
journal = {Conservation Biology},
volume = {26},
number = {1},
pages = {29-38},
keywords = {Bayesian priors, bias, decision making, elicitation, expert judgment, expert opinion, overconfidence, Bayesianos previos, exceso de confianza, juicio experto, obtención, opinión de expertos, sesgo, toma de decisiones},
doi = {https://doi.org/10.1111/j.1523-1739.2011.01806.x},
url = {https://conbio.onlinelibrary.wiley.com/doi/abs/10.1111/j.1523-1739.2011.01806.x},
eprint = {https://conbio.onlinelibrary.wiley.com/doi/pdf/10.1111/j.1523-1739.2011.01806.x},
year = {2012}
}

@article{expertengineering,
author = { O'Hagan, A.},
title = {Eliciting expert beliefs in substantial practical applications},
journal = {Journal of the Royal Statistical Society: Series D (The Statistician)},
volume = {47},
number = {1},
pages = {21-35},
keywords = {Asset management, Components of uncertainty, Elicitation tools, Expert opinion, Nuclear waste disposal, Personal probability},
doi = {https://doi.org/10.1111/1467-9884.00114},
url = {https://rss.onlinelibrary.wiley.com/doi/abs/10.1111/1467-9884.00114},
eprint = {https://rss.onlinelibrary.wiley.com/doi/pdf/10.1111/1467-9884.00114},
year = {1998}
}


@inproceedings{feedbackEssayNilforoshan,
  title={Leveraging quality prediction models for automatic writing feedback},
  author={Nilforoshan, Hamed and Wu, Eugene},
  booktitle={Proceedings of the International AAAI Conference on Web and Social Media},
  volume={12},
  year={2018}
}

@inproceedings{feedbackEssayWoods,
author = {Woods, Bronwyn and Adamson, David and Miel, Shayne and Mayfield, Elijah},
title = {Formative Essay Feedback Using Predictive Scoring Models},
year = {2017},
isbn = {9781450348874},
publisher = {Association for Computing Machinery},
address = {New York, NY, USA},
url = {https://doi.org/10.1145/3097983.3098160},
doi = {10.1145/3097983.3098160},
booktitle = {Proceedings of the 23rd ACM SIGKDD International Conference on Knowledge Discovery and Data Mining},
pages = {2071–2080},
numpages = {10},
keywords = {automated essay scoring, automated writing feedback, automated writing evaluation},
location = {Halifax, NS, Canada},
series = {KDD '17}
}

@InProceedings{gulwani2013automated,
author = {Gulwani, Sumit and Singh, Rishabh},
title = {Automated Feedback Generation for Introductory Programming Assignments},
booktitle = {ACM SIGPLAN Conference on Programming Language Design and Implementation (PLDI 2013)},
year = {2013},
month = {July},
url = {https://www.microsoft.com/en-us/research/publication/automated-feedback-generation-for-introductory-programming-assignments/},
pages = {15-26},
edition = {ACM SIGPLAN Conference on Programming Language Design and Implementation (PLDI 2013)},
}

@article{feedbackLitReview,
author = {Keuning, Hieke and Jeuring, Johan and Heeren, Bastiaan},
title = {A Systematic Literature Review of Automated Feedback Generation for Programming Exercises},
year = {2018},
issue_date = {January 2019},
publisher = {Association for Computing Machinery},
address = {New York, NY, USA},
volume = {19},
number = {1},
url = {https://doi.org/10.1145/3231711},
doi = {10.1145/3231711},
journal = {ACM Trans. Comput. Educ.},
month = sep,
articleno = {3},
numpages = {43},
keywords = {programming tools, learning programming, Systematic literature review, automated feedback}
}

@inproceedings{feedbackFormalSemantics,
author = {Liu, Xiao and Wang, Shuai and Wang, Pei and Wu, Dinghao},
title = {Automatic Grading of Programming Assignments: An Approach Based on Formal Semantics},
year = {2019},
publisher = {IEEE Press},
url = {https://doi.org/10.1109/ICSE-SEET.2019.00022},
doi = {10.1109/ICSE-SEET.2019.00022},
booktitle = {Proceedings of the 41st International Conference on Software Engineering: Software Engineering Education and Training},
pages = {126–137},
numpages = {12},
keywords = {automatic grader, equivalence checking, weakest precondition, programming assignments},
location = {Montreal, Quebec, Canada},
series = {ICSE-SEET '19}
}

@article{paassen2017continuous,
  title={The Continuous Hint Factory-Providing Hints in Vast and Sparsely Populated Edit Distance Spaces},
  author={Paa{\ss}en, Benjamin and Hammer, Barbara and Price, Thomas William and Barnes, Tiffany and Gross, Sebastian and Pinkwart, Niels},
  journal={arXiv preprint arXiv:1708.06564},
  year={2017}
}

@inproceedings{nguyen2014codewebs,
  title={Codewebs: scalable homework search for massive open online programming courses},
  author={Nguyen, Andy and Piech, Christopher and Huang, Jonathan and Guibas, Leonidas},
  booktitle={Proceedings of the 23rd international conference on World wide web},
  pages={491--502},
  year={2014},
  organization={ACM}
}

@inproceedings{yan_pyramid,
 author = {Yan, Lisa and McKeown, Nick and Piech, Chris},
 title = {The PyramidSnapshot Challenge: Understanding Student Process from Visual Output of Programs},
 booktitle = {Proceedings of the 50th ACM Technical Symposium on Computer Science Education},
 series = {SIGCSE '19},
 year = {2019},
 isbn = {978-1-4503-5890-3},
 location = {Minneapolis, MN, USA},
 pages = {119--125},
 numpages = {7},
 url = {http://doi.acm.org/10.1145/3287324.3287386},
 doi = {10.1145/3287324.3287386},
 acmid = {3287386},
 publisher = {ACM},
 address = {New York, NY, USA},
 keywords = {computer vision, programming courses, student process, teaching at scale, undergraduate courses},
} 

@article{mcts_chang,
author = {Chang, Hyeong Soo and Fu, Michael C. and Hu, Jiaqiao and Marcus, Steven I.},
title = {An Adaptive Sampling Algorithm for Solving Markov Decision Processes},
journal = {Operations Research},
volume = {53},
number = {1},
pages = {126-139},
year = {2005},
doi = {10.1287/opre.1040.0145},
}


@article{wang_landau,
author = {Wang, Fugao and Landau, D},
year = {2001},
month = {04},
pages = {2050-3},
title = {Efficient, Multiple-Range Random Walk Algorithm to Calculate the Density of States},
volume = {86},
journal = {Physical review letters},
doi = {10.1103/PhysRevLett.86.2050}
}
@article{basu2013powergrading,
  title={Powergrading: a clustering approach to amplify human effort for short answer grading},
  author={Basu, Sumit and Jacobs, Chuck and Vanderwende, Lucy},
  journal={Transactions of the Association for Computational Linguistics},
  volume={1},
  pages={391--402},
  year={2013},
  publisher={MIT Press}
}
@inproceedings{riordan2017investigating,
  title={Investigating neural architectures for short answer scoring},
  author={Riordan, Brian and Horbach, Andrea and Cahill, Aoife and Zesch, Torsten and Lee, Chong Min},
  booktitle={Proceedings of the 12th Workshop on Innovative Use of NLP for Building Educational Applications},
  pages={159--168},
  year={2017}
}
@inproceedings{taghipour2016neural,
  title={A neural approach to automated essay scoring},
  author={Taghipour, Kaveh and Ng, Hwee Tou},
  booktitle={Proceedings of the 2016 Conference on Empirical Methods in Natural Language Processing},
  pages={1882--1891},
  year={2016}
}
@inproceedings{daxenberger2014dkpro,
  title={DKPro TC: A Java-based framework for supervised learning experiments on textual data},
  author={Daxenberger, Johannes and Ferschke, Oliver and Gurevych, Iryna and Zesch, Torsten},
  booktitle={Proceedings of 52nd Annual Meeting of the Association for Computational Linguistics: System Demonstrations},
  pages={61--66},
  year={2014}
}
@inproceedings{wang2017learning,
  title={Learning to Represent Student Knowledge on Programming Exercises Using Deep Learning.},
  author={Wang, Lisa and Sy, Angela and Liu, Larry and Piech, Chris},
  booktitle={EDM},
  year={2017}
}

@article{liu2019automated,
  title={Automated Essay Scoring based on Two-Stage Learning},
  author={Liu, Jiawei and Xu, Yang and Zhao, Lingzhe},
  journal={arXiv preprint arXiv:1901.07744},
  year={2019}
}
@article{hu2019reliable,
  title={Reliable Deep Grade Prediction with Uncertainty Estimation},
  author={Hu, Qian and Rangwala, Huzefa},
  journal={arXiv preprint arXiv:1902.10213},
  year={2019}
}
@article{jonsson2007use,
  title={The use of scoring rubrics: Reliability, validity and educational consequences},
  author={Jonsson, Anders and Svingby, Gunilla},
  journal={Educational research review},
  volume={2},
  number={2},
  pages={130--144},
  year={2007},
  publisher={Elsevier}
}
@article{piech2013tuned,
  title={Tuned models of peer assessment in MOOCs},
  author={Piech, Chris and Huang, Jonathan and Chen, Zhenghao and Do, Chuong and Ng, Andrew and Koller, Daphne},
  journal={arXiv preprint arXiv:1307.2579},
  year={2013}
}
@article{piech2015learning,
  title={Learning program embeddings to propagate feedback on student code},
  author={Piech, Chris and Huang, Jonathan and Nguyen, Andy and Phulsuksombati, Mike and Sahami, Mehran and Guibas, Leonidas},
  journal={arXiv preprint arXiv:1505.05969},
  year={2015}
}
@article{simonyan2014very,
  title={Very deep convolutional networks for large-scale image recognition},
  author={Simonyan, Karen and Zisserman, Andrew},
  journal={arXiv preprint arXiv:1409.1556},
  year={2014}
}

@article{graves_char_rnn,
  author    = {Alex Graves},
  title     = {Generating Sequences With Recurrent Neural Networks},
  journal   = {CoRR},
  volume    = {abs/1308.0850},
  year      = {2013},
  url       = {http://arxiv.org/abs/1308.0850},
  archivePrefix = {arXiv},
  eprint    = {1308.0850},
  timestamp = {Mon, 13 Aug 2018 16:47:21 +0200},
  biburl    = {https://dblp.org/rec/bib/journals/corr/Graves13},
  bibsource = {dblp computer science bibliography, https://dblp.org}
}

@article{casado2017improvements,
  title={Improvements to Inference Compilation for Probabilistic Programming in Large-Scale Scientific Simulators},
  author={Casado, Mario Lezcano and Baydin, Atilim Gunes and Rubio, David Mart{\'\i}nez and Le, Tuan Anh and Wood, Frank and Heinrich, Lukas and Louppe, Gilles and Cranmer, Kyle and Ng, Karen and Bhimji, Wahid and others},
  journal={arXiv preprint arXiv:1712.07901},
  year={2017}
}
@article{wu2016swift,
  title={Swift: Compiled inference for probabilistic programming languages},
  author={Wu, Yi and Li, Lei and Russell, Stuart and Bodik, Rastislav},
  journal={arXiv preprint arXiv:1606.09242},
  year={2016}
}
@article{hancock2018training,
  title={Training classifiers with natural language explanations},
  author={Hancock, Braden and Varma, Paroma and Wang, Stephanie and Bringmann, Martin and Liang, Percy and R{\'e}, Christopher},
  journal={arXiv preprint arXiv:1805.03818},
  year={2018}
}
@inproceedings{selvaraju2017grad,
  title={Grad-cam: Visual explanations from deep networks via gradient-based localization},
  author={Selvaraju, Ramprasaath R and Cogswell, Michael and Das, Abhishek and Vedantam, Ramakrishna and Parikh, Devi and Batra, Dhruv},
  booktitle={Proceedings of the IEEE International Conference on Computer Vision},
  pages={618--626},
  year={2017}
}
@inproceedings{koh2017understanding,
  title={Understanding black-box predictions via influence functions},
  author={Koh, Pang Wei and Liang, Percy},
  booktitle={Proceedings of the 34th International Conference on Machine Learning-Volume 70},
  pages={1885--1894},
  year={2017},
  organization={JMLR. org}
}
@inproceedings{wu2018beyond,
  title={Beyond sparsity: Tree regularization of deep models for interpretability},
  author={Wu, Mike and Hughes, Michael C and Parbhoo, Sonali and Zazzi, Maurizio and Roth, Volker and Doshi-Velez, Finale},
  booktitle={Thirty-Second AAAI Conference on Artificial Intelligence},
  year={2018}
}
@inproceedings{ross2018improving,
  title={Improving the adversarial robustness and interpretability of deep neural networks by regularizing their input gradients},
  author={Ross, Andrew Slavin and Doshi-Velez, Finale},
  booktitle={Thirty-second AAAI conference on artificial intelligence},
  year={2018}
}

@article{jain2020contrastive,
  title={Contrastive Code Representation Learning},
  author={Jain, Paras and Jain, Ajay and Zhang, Tianjun and Abbeel, Pieter and Gonzalez, Joseph E and Stoica, Ion},
  journal={arXiv preprint arXiv:2007.04973},
  year={2020}
}

@misc{probmods2,
  title = {{Probabilistic Models of Cognition}},
  edition = {Second},
  author = {Goodman, Noah D and Tenenbaum, Joshua B. and The ProbMods Contributors},
  year = {2016},
  howpublished = {\url{http://probmods.org/v2}},
  note = {Accessed: 2021-2-13}
}

@article{goodman2012church,
  title={Church: a language for generative models},
  author={Goodman, Noah and Mansinghka, Vikash and Roy, Daniel M and Bonawitz, Keith and Tenenbaum, Joshua B},
  journal={arXiv preprint arXiv:1206.3255},
  year={2012}
}

@misc{goodman2014design,
  title={The design and implementation of probabilistic programming languages},
  author={Goodman, Noah D and Stuhlm{\"u}ller, Andreas},
  year={2014}
}
@book{murphy2022probabilistic,
  title={Probabilistic machine learning: an introduction},
  author={Murphy, Kevin P},
  year={2022},
  publisher={MIT press}
}
@article{goodman2018probabilistic,
  title={Probabilistic Models of Cognition (2016)},
  author={Goodman, Noah D and Tenenbaum, Joshua B and O’Donnell, TJ and Church Working Group and others},
  journal={URL http://projects. csail. mit. edu/church/wiki/Church},
  year={2018}
}
@article{brown2020language,
  title={Language models are few-shot learners},
  author={Brown, Tom and Mann, Benjamin and Ryder, Nick and Subbiah, Melanie and Kaplan, Jared D and Dhariwal, Prafulla and Neelakantan, Arvind and Shyam, Pranav and Sastry, Girish and Askell, Amanda and others},
  journal={Advances in neural information processing systems},
  volume={33},
  pages={1877--1901},
  year={2020}
}
@inproceedings{radford2021learning,
  title={Learning transferable visual models from natural language supervision},
  author={Radford, Alec and Kim, Jong Wook and Hallacy, Chris and Ramesh, Aditya and Goh, Gabriel and Agarwal, Sandhini and Sastry, Girish and Askell, Amanda and Mishkin, Pamela and Clark, Jack and others},
  booktitle={International Conference on Machine Learning},
  pages={8748--8763},
  year={2021},
  organization={PMLR}
}
@inproceedings{ramesh2021zero,
  title={Zero-shot text-to-image generation},
  author={Ramesh, Aditya and Pavlov, Mikhail and Goh, Gabriel and Gray, Scott and Voss, Chelsea and Radford, Alec and Chen, Mark and Sutskever, Ilya},
  booktitle={International Conference on Machine Learning},
  pages={8821--8831},
  year={2021},
  organization={PMLR}
}
@article{srivastava2021question,
  title={Question Generation for Adaptive Education},
  author={Srivastava, Megha and Goodman, Noah},
  journal={arXiv preprint arXiv:2106.04262},
  year={2021}
}
@article{tran2017deep,
  title={Deep probabilistic programming},
  author={Tran, Dustin and Hoffman, Matthew D and Saurous, Rif A and Brevdo, Eugene and Murphy, Kevin and Blei, David M},
  journal={arXiv preprint arXiv:1701.03757},
  year={2017}
}
@article{chen2020improved,
  title={Improved baselines with momentum contrastive learning},
  author={Chen, Xinlei and Fan, Haoqi and Girshick, Ross and He, Kaiming},
  journal={arXiv preprint arXiv:2003.04297},
  year={2020}
}
@inproceedings{chen2020simple,
  title={A simple framework for contrastive learning of visual representations},
  author={Chen, Ting and Kornblith, Simon and Norouzi, Mohammad and Hinton, Geoffrey},
  booktitle={International conference on machine learning},
  pages={1597--1607},
  year={2020},
  organization={PMLR}
}
@inproceedings{chen2021exploring,
  title={Exploring simple siamese representation learning},
  author={Chen, Xinlei and He, Kaiming},
  booktitle={Proceedings of the IEEE/CVF Conference on Computer Vision and Pattern Recognition},
  pages={15750--15758},
  year={2021}
}
@article{grill2020bootstrap,
  title={Bootstrap your own latent-a new approach to self-supervised learning},
  author={Grill, Jean-Bastien and Strub, Florian and Altch{\'e}, Florent and Tallec, Corentin and Richemond, Pierre and Buchatskaya, Elena and Doersch, Carl and Avila Pires, Bernardo and Guo, Zhaohan and Gheshlaghi Azar, Mohammad and others},
  journal={Advances in Neural Information Processing Systems},
  volume={33},
  pages={21271--21284},
  year={2020}
}
@article{liu2021self,
  title={Self-supervised learning: Generative or contrastive},
  author={Liu, Xiao and Zhang, Fanjin and Hou, Zhenyu and Mian, Li and Wang, Zhaoyu and Zhang, Jing and Tang, Jie},
  journal={IEEE Transactions on Knowledge and Data Engineering},
  year={2021},
  publisher={IEEE}
}
@inproceedings{zimmermann2021contrastive,
  title={Contrastive learning inverts the data generating process},
  author={Zimmermann, Roland S and Sharma, Yash and Schneider, Steffen and Bethge, Matthias and Brendel, Wieland},
  booktitle={International Conference on Machine Learning},
  pages={12979--12990},
  year={2021},
  organization={PMLR}
}
@article{krizhevsky2012imagenet,
  title={Imagenet classification with deep convolutional neural networks},
  author={Krizhevsky, Alex and Sutskever, Ilya and Hinton, Geoffrey E},
  journal={Advances in neural information processing systems},
  volume={25},
  year={2012}
}
@article{bahdanau2014neural,
  title={Neural machine translation by jointly learning to align and translate},
  author={Bahdanau, Dzmitry and Cho, Kyunghyun and Bengio, Yoshua},
  journal={arXiv preprint arXiv:1409.0473},
  year={2014}
}
@inproceedings{ren2019adaptive,
  title={Adaptive antithetic sampling for variance reduction},
  author={Ren, Hongyu and Zhao, Shengjia and Ermon, Stefano},
  booktitle={International Conference on Machine Learning},
  pages={5420--5428},
  year={2019},
  organization={PMLR}
}
@article{liu2019roberta,
  title={Roberta: A robustly optimized bert pretraining approach},
  author={Liu, Yinhan and Ott, Myle and Goyal, Naman and Du, Jingfei and Joshi, Mandar and Chen, Danqi and Levy, Omer and Lewis, Mike and Zettlemoyer, Luke and Stoyanov, Veselin},
  journal={arXiv preprint arXiv:1907.11692},
  year={2019}
}
@article{devlin2018bert,
  title={Bert: Pre-training of deep bidirectional transformers for language understanding},
  author={Devlin, Jacob and Chang, Ming-Wei and Lee, Kenton and Toutanova, Kristina},
  journal={arXiv preprint arXiv:1810.04805},
  year={2018}
}
@article{kucukelbir2016automatic,
  title={Automatic differentiation variational inference},
  author={Kucukelbir, Alp and Tran, Dustin and Ranganath, Rajesh and Gelman, Andrew and Blei, David M},
  journal={arXiv preprint arXiv:1603.00788},
  year={2016}
}
@article{kucukelbir2015automatic,
  title={Automatic variational inference in Stan},
  author={Kucukelbir, Alp and Ranganath, Rajesh and Gelman, Andrew and Blei, David},
  journal={Advances in neural information processing systems},
  volume={28},
  year={2015}
}
@article{carpenter2017stan,
  title={Stan: A probabilistic programming language},
  author={Carpenter, Bob and Gelman, Andrew and Hoffman, Matthew D and Lee, Daniel and Goodrich, Ben and Betancourt, Michael and Brubaker, Marcus and Guo, Jiqiang and Li, Peter and Riddell, Allen},
  journal={Journal of statistical software},
  volume={76},
  number={1},
  year={2017},
  publisher={Columbia Univ., New York, NY (United States); Harvard Univ., Cambridge, MA~…}
}
@article{bromiley2003products,
  title={Products and convolutions of Gaussian probability density functions},
  author={Bromiley, Paul},
  journal={Tina-Vision Memo},
  volume={3},
  number={4},
  pages={1},
  year={2003}
}
@article{andrieu2008tutorial,
  title={A tutorial on adaptive MCMC},
  author={Andrieu, Christophe and Thoms, Johannes},
  journal={Statistics and computing},
  volume={18},
  number={4},
  pages={343--373},
  year={2008},
  publisher={Springer}
}
@article{stuhlmuller2013learning,
  title={Learning stochastic inverses},
  author={Stuhlm{\"u}ller, Andreas and Taylor, Jacob and Goodman, Noah},
  journal={Advances in neural information processing systems},
  volume={26},
  year={2013}
}
@inproceedings{le2017inference,
  title={Inference compilation and universal probabilistic programming},
  author={Le, Tuan Anh and Baydin, Atilim Gunes and Wood, Frank},
  booktitle={Artificial Intelligence and Statistics},
  pages={1338--1348},
  year={2017},
  organization={PMLR}
}
@article{gong2018meta,
  title={Meta-learning for stochastic gradient MCMC},
  author={Gong, Wenbo and Li, Yingzhen and Hern{\'a}ndez-Lobato, Jos{\'e} Miguel},
  journal={arXiv preprint arXiv:1806.04522},
  year={2018}
}
@article{wang2018meta,
  title={Meta-learning MCMC proposals},
  author={Wang, Tongzhou and Wu, Yi and Moore, Dave and Russell, Stuart J},
  journal={Advances in neural information processing systems},
  volume={31},
  year={2018}
}
@inproceedings{choi2019meta,
  title={Meta-amortized variational inference and learning},
  author={Choi, Kristy and Wu, Mike and Goodman, Noah and Ermon, Stefano},
  booktitle={International Conference on Learning Representation},
  year={2019}
}
@article{gordon2018meta,
  title={Meta-learning probabilistic inference for prediction},
  author={Gordon, Jonathan and Bronskill, John and Bauer, Matthias and Nowozin, Sebastian and Turner, Richard E},
  journal={arXiv preprint arXiv:1805.09921},
  year={2018}
}
@inproceedings{iakovleva2020meta,
  title={Meta-learning with shared amortized variational inference},
  author={Iakovleva, Ekaterina and Verbeek, Jakob and Alahari, Karteek},
  booktitle={International Conference on Machine Learning},
  pages={4572--4582},
  year={2020},
  organization={PMLR}
}
@article{bommasani2021opportunities,
  title={On the opportunities and risks of foundation models},
  author={Bommasani, Rishi and Hudson, Drew A and Adeli, Ehsan and Altman, Russ and Arora, Simran and von Arx, Sydney and Bernstein, Michael S and Bohg, Jeannette and Bosselut, Antoine and Brunskill, Emma and others},
  journal={arXiv preprint arXiv:2108.07258},
  year={2021}
}
@inproceedings{he2016deep,
  title={Deep residual learning for image recognition},
  author={He, Kaiming and Zhang, Xiangyu and Ren, Shaoqing and Sun, Jian},
  booktitle={Proceedings of the IEEE conference on computer vision and pattern recognition},
  pages={770--778},
  year={2016}
}
@article{radford2019language,
  title={Language models are unsupervised multitask learners},
  author={Radford, Alec and Wu, Jeffrey and Child, Rewon and Luan, David and Amodei, Dario and Sutskever, Ilya and others},
  journal={OpenAI blog},
  volume={1},
  number={8},
  pages={9},
  year={2019}
}
@article{schneider2019wav2vec,
  title={wav2vec: Unsupervised pre-training for speech recognition},
  author={Schneider, Steffen and Baevski, Alexei and Collobert, Ronan and Auli, Michael},
  journal={arXiv preprint arXiv:1904.05862},
  year={2019}
}
@article{baevski2020wav2vec,
  title={wav2vec 2.0: A framework for self-supervised learning of speech representations},
  author={Baevski, Alexei and Zhou, Yuhao and Mohamed, Abdelrahman and Auli, Michael},
  journal={Advances in Neural Information Processing Systems},
  volume={33},
  pages={12449--12460},
  year={2020}
}
@article{baevski2022data2vec,
  title={Data2vec: A general framework for self-supervised learning in speech, vision and language},
  author={Baevski, Alexei and Hsu, Wei-Ning and Xu, Qiantong and Babu, Arun and Gu, Jiatao and Auli, Michael},
  journal={arXiv preprint arXiv:2202.03555},
  year={2022}
}
@article{che2021meta,
  title={Meta-Learning an Inference Algorithm for Probabilistic Programs},
  author={Che, Gwonsoo and Yang, Hongseok},
  journal={arXiv preprint arXiv:2103.00737},
  year={2021}
}
@article{van2018introduction,
  title={An introduction to probabilistic programming},
  author={van de Meent, Jan-Willem and Paige, Brooks and Yang, Hongseok and Wood, Frank},
  journal={arXiv preprint arXiv:1809.10756},
  year={2018}
}
@incollection{gordon2014probabilistic,
  title={Probabilistic programming},
  author={Gordon, Andrew D and Henzinger, Thomas A and Nori, Aditya V and Rajamani, Sriram K},
  booktitle={Future of Software Engineering Proceedings},
  pages={167--181},
  year={2014}
}
@inproceedings{tolpin2016design,
  title={Design and implementation of probabilistic programming language anglican},
  author={Tolpin, David and van de Meent, Jan-Willem and Yang, Hongseok and Wood, Frank},
  booktitle={Proceedings of the 28th Symposium on the Implementation and Application of Functional programming Languages},
  pages={1--12},
  year={2016}
}
@article{mansinghka2014venture,
  title={Venture: a higher-order probabilistic programming platform with programmable inference},
  author={Mansinghka, Vikash and Selsam, Daniel and Perov, Yura},
  journal={arXiv preprint arXiv:1404.0099},
  year={2014}
}
@inproceedings{tehrani2020bean,
  title={Bean machine: A declarative probabilistic programming language for efficient programmable inference},
  author={Tehrani, Nazanin and Arora, Nimar S and Li, Yucen Lily and Shah, Kinjal Divesh and Noursi, David and Tingley, Michael and Torabi, Narjes and Lippert, Eric and Meijer, Erik and others},
  booktitle={International Conference on Probabilistic Graphical Models},
  year={2020},
  organization={PMLR}
}
@inproceedings{narayanan2016probabilistic,
  title={Probabilistic inference by program transformation in Hakaru (system description)},
  author={Narayanan, Praveen and Carette, Jacques and Romano, Wren and Shan, Chung-chieh and Zinkov, Robert},
  booktitle={International Symposium on Functional and Logic Programming},
  pages={62--79},
  year={2016},
  organization={Springer}
}
@article{salvatier2016probabilistic,
  title={Probabilistic programming in Python using PyMC3},
  author={Salvatier, John and Wiecki, Thomas V and Fonnesbeck, Christopher},
  journal={PeerJ Computer Science},
  volume={2},
  pages={e55},
  year={2016},
  publisher={PeerJ Inc.}
}
@article{tran2016edward,
  title={Edward: A library for probabilistic modeling, inference, and criticism},
  author={Tran, Dustin and Kucukelbir, Alp and Dieng, Adji B and Rudolph, Maja and Liang, Dawen and Blei, David M},
  journal={arXiv preprint arXiv:1610.09787},
  year={2016}
}
@article{minka2012infer,
  title={Infer. NET 2.5},
  author={Minka, Tom},
  journal={http://research. microsoft. com/infernet},
  year={2012},
  publisher={Microsoft Research Cambridge}
}
@inproceedings{ge2018turing,
  title={Turing: Composable inference for probabilistic programming.},
  author={Ge, Hong and Xu, Kai and Ghahramani, Zoubin},
  booktitle={AISTATS},
  volume={84},
  pages={1682--1690},
  year={2018},
  organization={PMLR}
}
@article{ritchie2015controlling,
  title={Controlling procedural modeling programs with stochastically-ordered sequential monte carlo},
  author={Ritchie, Daniel and Mildenhall, Ben and Goodman, Noah D and Hanrahan, Pat},
  journal={ACM Transactions on Graphics (TOG)},
  volume={34},
  number={4},
  pages={1--11},
  year={2015},
  publisher={ACM New York, NY, USA}
}
@inproceedings{cusumano2019gen,
  title={Gen: a general-purpose probabilistic programming system with programmable inference},
  author={Cusumano-Towner, Marco F and Saad, Feras A and Lew, Alexander K and Mansinghka, Vikash K},
  booktitle={Proceedings of the 40th acm sigplan conference on programming language design and implementation},
  pages={221--236},
  year={2019}
}
@article{depaoli2016just,
  title={Just another Gibbs sampler (JAGS) flexible software for MCMC implementation},
  author={Depaoli, Sarah and Clifton, James P and Cobb, Patrice R},
  journal={Journal of Educational and Behavioral Statistics},
  volume={41},
  number={6},
  pages={628--649},
  year={2016},
  publisher={Sage Publications Sage CA: Los Angeles, CA}
}
@misc{dippl,
  title = {{The Design and Implementation of Probabilistic Programming Languages}},
  author = {Goodman, Noah D and Stuhlm\"{u}ller, Andreas},
  year = {2014},
  howpublished = {\url{http://dippl.org}},
  note = {Accessed: 2022-3-19}
}
@article{taylor1953cloze,
  title={“Cloze procedure”: A new tool for measuring readability},
  author={Taylor, Wilson L},
  journal={Journalism quarterly},
  volume={30},
  number={4},
  pages={415--433},
  year={1953},
  publisher={SAGE Publications Sage CA: Los Angeles, CA}
}
@inproceedings{chefer2021transformer,
  title={Transformer interpretability beyond attention visualization},
  author={Chefer, Hila and Gur, Shir and Wolf, Lior},
  booktitle={Proceedings of the IEEE/CVF Conference on Computer Vision and Pattern Recognition},
  pages={782--791},
  year={2021}
}
@inproceedings{binder2016layer,
  title={Layer-wise relevance propagation for neural networks with local renormalization layers},
  author={Binder, Alexander and Montavon, Gr{\'e}goire and Lapuschkin, Sebastian and M{\"u}ller, Klaus-Robert and Samek, Wojciech},
  booktitle={International Conference on Artificial Neural Networks},
  pages={63--71},
  year={2016},
  organization={Springer}
}
@article{voita2019analyzing,
  title={Analyzing multi-head self-attention: Specialized heads do the heavy lifting, the rest can be pruned},
  author={Voita, Elena and Talbot, David and Moiseev, Fedor and Sennrich, Rico and Titov, Ivan},
  journal={arXiv preprint arXiv:1905.09418},
  year={2019}
}
@article{abnar2020quantifying,
  title={Quantifying attention flow in transformers},
  author={Abnar, Samira and Zuidema, Willem},
  journal={arXiv preprint arXiv:2005.00928},
  year={2020}
}
@book{koller2009probabilistic,
  title={Probabilistic graphical models: principles and techniques},
  author={Koller, Daphne and Friedman, Nir},
  year={2009},
  publisher={MIT press}
}
@article{feng2020codebert,
  title={Codebert: A pre-trained model for programming and natural languages},
  author={Feng, Zhangyin and Guo, Daya and Tang, Duyu and Duan, Nan and Feng, Xiaocheng and Gong, Ming and Shou, Linjun and Qin, Bing and Liu, Ting and Jiang, Daxin and others},
  journal={arXiv preprint arXiv:2002.08155},
  year={2020}
}
@article{hoffman2013stochastic,
  title={Stochastic variational inference},
  author={Hoffman, Matthew D and Blei, David M and Wang, Chong and Paisley, John},
  journal={Journal of Machine Learning Research},
  year={2013}
}
@article{kucukelbir2017automatic,
  title={Automatic differentiation variational inference},
  author={Kucukelbir, Alp and Tran, Dustin and Ranganath, Rajesh and Gelman, Andrew and Blei, David M},
  journal={Journal of machine learning research},
  year={2017}
}
@inproceedings{baudart2021compiling,
  title={Compiling Stan to generative probabilistic languages and extension to deep probabilistic programming},
  author={Baudart, Guillaume and Burroni, Javier and Hirzel, Martin and Mandel, Louis and Shinnar, Avraham},
  booktitle={Proceedings of the 42nd ACM SIGPLAN International Conference on Programming Language Design and Implementation},
  pages={497--510},
  year={2021}
}
@article{baudart2021automatic,
  title={Automatic Guide Generation for Stan via NumPyro},
  author={Baudart, Guillaume and Mandel, Louis},
  journal={arXiv preprint arXiv:2110.11790},
  year={2021}
}
@article{yao2020stacking,
  title={Stacking for non-mixing Bayesian computations: The curse and blessing of multimodal posteriors},
  author={Yao, Yuling and Vehtari, Aki and Gelman, Andrew},
  journal={arXiv preprint arXiv:2006.12335},
  year={2020}
}
@article{zhang2021pathfinder,
  title={Pathfinder: Parallel quasi-Newton variational inference},
  author={Zhang, Lu and Carpenter, Bob and Gelman, Andrew and Vehtari, Aki},
  journal={arXiv preprint arXiv:2108.03782},
  year={2021}
}
@article{durr2022bernstein,
  title={Bernstein Flows for Flexible Posteriors in Variational Bayes},
  author={D{\"u}rr, Oliver and H{\"o}rling, Stephan and Dold, Daniel and Kovylov, Ivonne and Sick, Beate},
  journal={arXiv preprint arXiv:2202.05650},
  year={2022}
}
@article{magnusson2021,
  title={posteriordb: a set of posteriors for Bayesian inference and probabilistic programming},
  author={Magnusson, Mans and Burkner, Paul and Vehtari, Aki},
  year={2021}
}
@article{gelman1992inference,
  title={Inference from iterative simulation using multiple sequences},
  author={Gelman, Andrew and Rubin, Donald B},
  journal={Statistical science},
  volume={7},
  number={4},
  pages={457--472},
  year={1992},
  publisher={Institute of Mathematical Statistics}
}
@book{rasch1993probabilistic,
  title={Probabilistic models for some intelligence and attainment tests.},
  author={Rasch, Georg},
  year={1993},
  publisher={ERIC}
}
@book{hambleton1991fundamentals,
  title={Fundamentals of item response theory},
  author={Hambleton, Ronald K and Swaminathan, Hariharan and Rogers, H Jane},
  volume={2},
  year={1991},
  publisher={Sage}
}
@article{hinton2002training,
  title={Training products of experts by minimizing contrastive divergence},
  author={Hinton, Geoffrey E},
  journal={Neural computation},
  volume={14},
  number={8},
  pages={1771--1800},
  year={2002},
  publisher={MIT Press}
}
@article{wu2022foundation,
  doi = {10.48550/ARXIV.2205.09735},
  url = {https://arxiv.org/abs/2205.09735},
  author = {Wu, Mike and Goodman, Noah},
  keywords = {Machine Learning (cs.LG), Machine Learning (stat.ML), FOS: Computer and information sciences, FOS: Computer and information sciences},
  title = {Foundation Posteriors for Approximate Probabilistic Inference},
  publisher = {arXiv},
  year = {2022},
  copyright = {arXiv.org perpetual, non-exclusive license}
}
